isin,time,price,side,volume,timeofday,date
isin10033,Mon 16May16 02:51:27.000 pm,117.36361835280748,S,730000,Afternoon,16May2016
isin10033,Mon 16May16 03:45:52.000 pm,115.71532940722403,B,730000,Afternoon,16May2016
isin10033,Wed  6Apr16 08:24:07.000 am,115.29645038674539,B,5000,Morning, 6Apr2016
isin10033,Wed  6Apr16 08:24:07.000 am,115.29645038674539,B,5000,Morning, 6Apr2016
isin10033,Wed  6Apr16 08:25:00.000 am,115.55824977454455,S,5000,Morning, 6Apr2016
isin10033,Fri 22Apr16 11:13:28.000 am,122.5880869357273,S,40000,Morning,22Apr2016
isin10033,Fri 22Apr16 11:13:28.000 am,122.5880869357273,S,40000,Morning,22Apr2016
isin10033,Thu 19May16 09:00:03.000 am,123.52951753425306,S,20000,Morning,19May2016
isin10033,Mon 18Apr16 12:44:32.000 pm,115.15507871733386,B,5000,Afternoon,18Apr2016
isin10033,Mon 18Apr16 12:44:32.000 pm,115.15507871733386,B,5000,Afternoon,18Apr2016
isin100,Fri 25Mar16 11:46:33.000 am,104.83997339853714,B,210000,Morning,25Mar2016
isin100,Mon  6Jun16 11:40:18.000 am,104.88112826229916,B,310000,Morning, 6Jun2016
isin100,Thu  9Jun16 10:14:39.000 am,104.84541882580336,S,210000,Morning, 9Jun2016
isin10272,Wed 23Mar16 11:43:48.000 am,109.6939434878436,S,3900000,Morning,23Mar2016
isin10272,Wed 23Mar16 11:45:15.000 am,109.6939434878436,S,3900000,Morning,23Mar2016
isin10272,Wed 23Mar16 12:02:36.000 pm,109.58922373272395,B,3900000,Afternoon,23Mar2016
isin10272,Wed 23Mar16 02:55:23.000 pm,109.6939434878436,S,3900000,Afternoon,23Mar2016
isin10272,Wed 23Mar16 03:56:50.000 pm,109.19128866326923,B,20000,Afternoon,23Mar2016
isin10272,Mon 28Mar16 10:40:46.000 am,108.90854532444615,B,420000,Morning,28Mar2016
isin10272,Mon 28Mar16 04:33:25.000 pm,109.17034471224531,B,1050000,Afternoon,28Mar2016
isin10272,Mon 28Mar16 04:33:38.000 pm,109.30124440614487,S,1050000,Afternoon,28Mar2016
isin10272,Fri 25Mar16 12:21:06.000 pm,109.03944501834573,B,110000,Afternoon,25Mar2016
isin10272,Fri 25Mar16 12:21:06.000 pm,109.03944501834573,B,110000,Afternoon,25Mar2016
isin10272,Fri 25Mar16 12:21:07.000 pm,109.03944501834573,B,160000,Afternoon,25Mar2016
isin10272,Fri 25Mar16 12:21:07.000 pm,109.03944501834573,B,160000,Afternoon,25Mar2016
isin10272,Fri 25Mar16 12:28:02.000 pm,109.6939434878436,S,3900000,Afternoon,25Mar2016
isin10272,Fri 25Mar16 12:40:52.000 pm,109.6939434878436,S,3900000,Afternoon,25Mar2016
isin10272,Fri 25Mar16 02:38:14.000 pm,109.06667215467684,B,20000,Afternoon,25Mar2016
isin10272,Fri 25Mar16 04:21:49.000 pm,109.43214410004445,B,3900000,Afternoon,25Mar2016
isin10272,Wed 30Mar16 11:46:07.000 am,109.43214410004445,B,3900000,Morning,30Mar2016
isin10272,Wed 30Mar16 04:50:05.000 pm,109.6939434878436,S,10000,Afternoon,30Mar2016
isin10272,Tue  5Apr16 02:16:44.000 pm,108.66035950481256,B,30000,Afternoon, 5Apr2016
isin10272,Mon 16May16 11:41:16.000 am,108.51584624274743,B,10000,Morning,16May2016
isin10272,Mon 25Apr16 01:02:52.000 pm,107.33774899765126,B,50000,Afternoon,25Apr2016
isin10272,Mon  2May16 09:45:21.000 am,109.38711460534299,S,5000,Morning, 2May2016
isin10272,Tue 10May16 11:06:14.000 am,109.22270458980513,B,5000,Morning,10May2016
isin10272,Tue 10May16 11:06:15.000 am,109.22270458980513,B,5000,Morning,10May2016
isin10272,Tue 10May16 11:06:26.000 am,109.22270458980513,S,5000,Morning,10May2016
isin10272,Tue 10May16 11:06:26.000 am,109.22270458980513,S,5000,Morning,10May2016
isin10272,Tue 10May16 11:09:15.000 am,109.32742434492479,S,20000,Morning,10May2016
isin10272,Tue 10May16 11:09:27.000 am,109.32742434492479,S,20000,Morning,10May2016
isin10272,Wed  6Apr16 04:22:34.000 pm,108.38494654884785,B,10000,Afternoon, 6Apr2016
isin10272,Tue 24May16 02:47:35.000 pm,110.2175422634419,S,3870000,Afternoon,24May2016
isin10272,Thu  9Jun16 03:56:46.000 pm,109.43214410004445,B,120000,Afternoon, 9Jun2016
isin10272,Tue 19Apr16 10:49:38.000 am,107.47388467930681,B,5000,Morning,19Apr2016
isin10272,Wed 13Apr16 12:07:04.000 pm,108.38494654884785,B,20000,Afternoon,13Apr2016
isin10272,Tue 26Apr16 09:38:55.000 am,107.86134777324956,S,1050000,Morning,26Apr2016
isin10272,Thu 14Apr16 12:49:05.000 pm,105.03391438501873,S,5000,Afternoon,14Apr2016
isin10272,Thu 14Apr16 12:49:09.000 pm,105.03391438501873,S,5000,Afternoon,14Apr2016
isin10272,Thu 14Apr16 12:49:18.000 pm,105.03391438501873,B,5000,Afternoon,14Apr2016
isin10272,Thu 14Apr16 12:51:06.000 pm,105.03391438501873,B,5000,Afternoon,14Apr2016
isin10272,Wed  1Jun16 02:10:47.000 pm,109.37035944452386,B,10000,Afternoon, 1Jun2016
isin10272,Mon  4Apr16 12:33:20.000 pm,109.75886973601779,S,100000,Afternoon, 4Apr2016
isin10272,Mon  4Apr16 01:01:48.000 pm,109.75886973601779,S,100000,Afternoon, 4Apr2016
isin10272,Thu  7Apr16 10:54:50.000 am,108.38494654884785,S,310000,Morning, 7Apr2016
isin10272,Thu  5May16 01:23:05.000 pm,104.71975511965977,S,5000,Afternoon, 5May2016
isin10272,Thu  5May16 01:23:07.000 pm,104.71975511965977,S,5000,Afternoon, 5May2016
isin10272,Thu  5May16 01:23:07.000 pm,104.71975511965977,B,5000,Afternoon, 5May2016
isin10272,Thu 12May16 10:09:16.000 am,108.12314716104871,S,450000,Morning,12May2016
isin10272,Thu 12May16 12:33:14.000 pm,107.79642152507537,B,20000,Afternoon,12May2016
isin10272,Thu 12May16 12:53:49.000 pm,107.86134777324956,B,520000,Afternoon,12May2016
isin10272,Thu 12May16 02:14:53.000 pm,108.38494654884785,S,10000,Afternoon,12May2016
isin10272,Thu 12May16 02:14:55.000 pm,108.38494654884785,S,10000,Afternoon,12May2016
isin10272,Thu 12May16 02:15:00.000 pm,108.38494654884785,S,10000,Afternoon,12May2016
isin10272,Thu 12May16 02:15:12.000 pm,107.86134777324956,B,3870000,Afternoon,12May2016
isin10272,Thu 12May16 03:45:24.000 pm,108.12314716104871,S,3870000,Afternoon,12May2016
isin10272,Thu 12May16 03:49:12.000 pm,107.86134777324956,B,3870000,Afternoon,12May2016
isin10272,Thu 12May16 03:55:59.000 pm,108.12314716104871,S,3870000,Afternoon,12May2016
isin10272,Thu 12May16 04:23:02.000 pm,108.12314716104871,S,3870000,Afternoon,12May2016
isin10272,Fri 20May16 10:05:08.000 am,109.43214410004445,S,50000,Morning,20May2016
isin10272,Fri 20May16 03:18:55.000 pm,109.43214410004445,B,3870000,Afternoon,20May2016
isin10272,Wed  4May16 01:03:55.000 pm,107.61316195361597,B,30000,Afternoon, 4May2016
isin10272,Thu 28Apr16 03:51:21.000 pm,107.62677552178151,B,5000,Afternoon,28Apr2016
isin10272,Thu 19May16 12:11:09.000 pm,109.43214410004445,S,10000,Afternoon,19May2016
isin10272,Thu 19May16 12:11:15.000 pm,109.43214410004445,S,10000,Afternoon,19May2016
isin10272,Thu 19May16 12:11:20.000 pm,109.43214410004445,S,10000,Afternoon,19May2016
isin10272,Thu 19May16 03:05:13.000 pm,108.9273948803677,B,40000,Afternoon,19May2016
isin10272,Wed 11May16 02:26:18.000 pm,107.86134777324956,B,3870000,Afternoon,11May2016
isin10272,Mon 18Apr16 11:44:40.000 am,107.86134777324956,S,3750000,Morning,18Apr2016
isin10272,Mon 18Apr16 11:55:47.000 am,107.5995483854504,B,3750000,Morning,18Apr2016
isin10272,Mon 18Apr16 11:56:18.000 am,107.86134777324956,S,3750000,Morning,18Apr2016
isin10272,Mon 18Apr16 11:56:18.000 am,107.86134777324956,S,3750000,Morning,18Apr2016
isin10272,Mon 18Apr16 02:26:38.000 pm,108.38494654884785,S,420000,Afternoon,18Apr2016
isin10272,Mon 18Apr16 03:05:47.000 pm,107.33774899765126,S,1050000,Afternoon,18Apr2016
isin10272,Mon 18Apr16 03:22:20.000 pm,107.75767521568109,B,5000,Afternoon,18Apr2016
isin10272,Thu 31Mar16 12:28:06.000 pm,108.90854532444615,B,30000,Afternoon,31Mar2016
isin10272,Thu 31Mar16 01:27:22.000 pm,109.40072817350855,B,160000,Afternoon,31Mar2016
isin10272,Thu 31Mar16 01:27:22.000 pm,109.43214410004445,S,160000,Afternoon,31Mar2016
isin10272,Thu 31Mar16 03:43:29.000 pm,108.90854532444615,B,370000,Afternoon,31Mar2016
isin10272,Wed 27Apr16 10:55:55.000 am,108.38494654884785,S,40000,Morning,27Apr2016
isin10272,Wed 27Apr16 10:56:02.000 am,108.38494654884785,S,40000,Morning,27Apr2016
isin10272,Wed 27Apr16 11:14:10.000 am,108.38494654884785,S,40000,Morning,27Apr2016
isin10272,Wed 27Apr16 11:14:12.000 am,108.38494654884785,S,40000,Morning,27Apr2016
isin10272,Wed 27Apr16 12:04:54.000 pm,108.38494654884785,S,10000,Afternoon,27Apr2016
isin10272,Wed 27Apr16 12:05:00.000 pm,108.38494654884785,S,10000,Afternoon,27Apr2016
isin10272,Fri 27May16 09:44:36.000 am,109.37768982738223,B,5000,Morning,27May2016
isin10272,Fri 27May16 12:21:15.000 pm,109.82484318174318,B,60000,Afternoon,27May2016
isin10023,Thu 17Mar16 03:01:42.000 pm,102.21066978699271,S,100000,Afternoon,17Mar2016
isin10023,Thu 17Mar16 03:04:01.000 pm,101.72791171589108,B,100000,Afternoon,17Mar2016
isin10023,Wed 16Mar16 10:15:10.000 am,103.71653986561343,S,10000,Morning,16Mar2016
isin10023,Wed 16Mar16 10:35:17.000 am,103.71653986561343,S,10000,Morning,16Mar2016
isin10023,Tue 31May16 09:11:33.000 am,105.55122997530985,S,10000,Morning,31May2016
isin10023,Tue 31May16 09:11:47.000 am,105.55122997530985,S,10000,Morning,31May2016
isin10023,Mon 16May16 10:56:35.000 am,103.8581209745352,S,30000,Morning,16May2016
isin10023,Mon 16May16 10:56:36.000 am,103.8581209745352,S,30000,Morning,16May2016
isin10023,Mon  6Jun16 10:37:27.000 am,106.83823576573047,S,20000,Morning, 6Jun2016
isin10023,Mon  6Jun16 10:37:32.000 am,106.83823576573047,S,20000,Morning, 6Jun2016
isin10023,Mon  6Jun16 10:37:33.000 am,106.83823576573047,S,20000,Morning, 6Jun2016
isin10023,Mon  9May16 03:02:43.000 pm,108.41740967293495,S,50000,Afternoon, 9May2016
isin10023,Wed  6Apr16 09:36:46.000 am,105.39519754018157,B,20000,Morning, 6Apr2016
isin10023,Wed  6Apr16 09:36:46.000 am,105.39519754018157,B,20000,Morning, 6Apr2016
isin10023,Wed  6Apr16 09:58:50.000 am,105.68003527410704,B,350000,Morning, 6Apr2016
isin10023,Wed  6Apr16 09:58:50.000 am,105.68003527410704,B,350000,Morning, 6Apr2016
isin10023,Wed  6Apr16 01:12:47.000 pm,108.48128872355794,S,70000,Afternoon, 6Apr2016
isin10023,Wed 13Apr16 08:57:08.000 am,106.58473751291967,B,80000,Morning,13Apr2016
isin10023,Tue  3May16 10:56:31.000 am,106.56177561221457,B,2570000,Morning, 3May2016
isin10023,Fri 13May16 03:03:45.000 pm,103.93540415381352,S,520000,Afternoon,13May2016
isin10023,Fri  1Apr16 10:38:06.000 am,104.42653980532471,S,40000,Morning, 1Apr2016
isin10023,Fri  1Apr16 10:38:14.000 am,104.42653980532471,S,40000,Morning, 1Apr2016
isin10023,Fri  1Apr16 03:38:55.000 pm,103.15419478062084,B,50000,Afternoon, 1Apr2016
isin10023,Fri 20May16 10:53:36.000 am,106.23923876644602,S,260000,Morning,20May2016
isin10023,Fri 20May16 10:53:42.000 am,106.23923876644602,S,260000,Morning,20May2016
isin10023,Thu 19May16 10:04:03.000 am,108.438458343714,S,20000,Morning,19May2016
isin10023,Thu 26May16 08:35:33.000 am,103.36782308106496,B,50000,Morning,26May2016
isin10023,Fri 27May16 01:48:13.000 pm,109.28972523308173,S,30000,Afternoon,27May2016
isin10182,Thu 14Apr16 01:15:28.000 pm,104.9548509699034,S,3850000,Afternoon,14Apr2016
isin10182,Thu 31Mar16 11:37:55.000 am,104.75431263884926,B,1050000,Morning,31Mar2016
isin10074,Tue 22Mar16 10:11:26.000 am,103.24320657247256,B,10000,Morning,22Mar2016
isin10074,Tue 22Mar16 12:01:55.000 pm,103.17513873164479,B,10000,Afternoon,22Mar2016
isin10074,Tue 22Mar16 12:01:57.000 pm,103.17513873164479,B,10000,Afternoon,22Mar2016
isin10074,Tue 22Mar16 02:16:11.000 pm,103.14895879286486,B,10000,Afternoon,22Mar2016
isin10074,Wed 23Mar16 12:18:46.000 pm,103.14895879286486,B,390000,Afternoon,23Mar2016
isin10074,Thu 17Mar16 02:01:05.000 pm,102.7091358213623,B,30000,Afternoon,17Mar2016
isin10074,Mon 28Mar16 10:50:26.000 am,102.68609747523598,B,260000,Morning,28Mar2016
isin10074,Mon 28Mar16 10:50:26.000 am,102.73007977238622,S,260000,Morning,28Mar2016
isin10074,Mon 28Mar16 11:07:31.000 am,102.88715940506572,B,130000,Morning,28Mar2016
isin10074,Mon 28Mar16 11:10:58.000 am,102.88715940506572,S,10000,Morning,28Mar2016
isin10074,Mon 28Mar16 11:10:58.000 am,102.88715940506572,S,10000,Morning,28Mar2016
isin10074,Mon 28Mar16 11:10:58.000 am,102.88715940506572,S,10000,Morning,28Mar2016
isin10074,Mon 28Mar16 11:10:58.000 am,102.88715940506572,S,10000,Morning,28Mar2016
isin10074,Mon 28Mar16 11:10:58.000 am,102.88715940506572,S,10000,Morning,28Mar2016
isin10074,Mon 28Mar16 11:10:58.000 am,102.88715940506572,S,10000,Morning,28Mar2016
isin10074,Mon 28Mar16 11:10:58.000 am,102.88715940506572,S,20000,Morning,28Mar2016
isin10074,Mon 28Mar16 11:10:59.000 am,102.88715940506572,S,10000,Morning,28Mar2016
isin10074,Mon 28Mar16 11:10:59.000 am,102.88715940506572,S,40000,Morning,28Mar2016
isin10074,Mon 28Mar16 11:10:59.000 am,102.88715940506572,S,10000,Morning,28Mar2016
isin10074,Mon 28Mar16 11:10:59.000 am,102.88715940506572,S,10000,Morning,28Mar2016
isin10074,Mon 28Mar16 11:10:59.000 am,102.88715940506572,S,10000,Morning,28Mar2016
isin10074,Mon 28Mar16 11:10:59.000 am,102.88715940506572,S,10000,Morning,28Mar2016
isin10074,Mon 28Mar16 11:11:12.000 am,102.88715940506572,B,130000,Morning,28Mar2016
isin10074,Mon 28Mar16 11:34:13.000 am,102.88715940506572,S,30000,Morning,28Mar2016
isin10074,Mon 28Mar16 11:34:13.000 am,102.88715940506572,S,10000,Morning,28Mar2016
isin10074,Mon 28Mar16 11:34:13.000 am,102.88715940506572,S,5000,Morning,28Mar2016
isin10074,Mon 28Mar16 11:34:13.000 am,102.88715940506572,S,5000,Morning,28Mar2016
isin10074,Mon 28Mar16 11:34:13.000 am,102.88715940506572,S,5000,Morning,28Mar2016
isin10074,Mon 28Mar16 11:34:13.000 am,102.88715940506572,S,5000,Morning,28Mar2016
isin10074,Mon 28Mar16 11:34:13.000 am,102.88715940506572,S,40000,Morning,28Mar2016
isin10074,Mon 28Mar16 11:34:13.000 am,102.88715940506572,S,5000,Morning,28Mar2016
isin10074,Mon 28Mar16 11:34:13.000 am,102.88715940506572,S,5000,Morning,28Mar2016
isin10074,Mon 28Mar16 11:34:13.000 am,102.88715940506572,S,5000,Morning,28Mar2016
isin10074,Mon 28Mar16 11:34:13.000 am,102.88715940506572,S,10000,Morning,28Mar2016
isin10074,Mon 28Mar16 11:34:13.000 am,102.88715940506572,S,10000,Morning,28Mar2016
isin10074,Mon 28Mar16 11:34:13.000 am,102.88715940506572,S,10000,Morning,28Mar2016
isin10074,Mon 28Mar16 11:34:14.000 am,102.88715940506572,S,30000,Morning,28Mar2016
isin10074,Mon 28Mar16 11:34:14.000 am,102.88715940506572,S,10000,Morning,28Mar2016
isin10074,Mon 28Mar16 11:34:14.000 am,102.88715940506572,S,5000,Morning,28Mar2016
isin10074,Mon 28Mar16 11:34:14.000 am,102.88715940506572,S,5000,Morning,28Mar2016
isin10074,Mon 28Mar16 11:34:14.000 am,102.88715940506572,S,10000,Morning,28Mar2016
isin10074,Mon 28Mar16 11:34:14.000 am,102.88715940506572,S,5000,Morning,28Mar2016
isin10074,Mon 28Mar16 11:34:14.000 am,102.88715940506572,S,5000,Morning,28Mar2016
isin10074,Mon 28Mar16 11:34:14.000 am,102.88715940506572,S,5000,Morning,28Mar2016
isin10074,Mon 28Mar16 11:34:14.000 am,102.88715940506572,S,10000,Morning,28Mar2016
isin10074,Mon 28Mar16 11:34:14.000 am,102.88715940506572,S,5000,Morning,28Mar2016
isin10074,Mon 28Mar16 11:34:14.000 am,102.88715940506572,S,5000,Morning,28Mar2016
isin10074,Mon 28Mar16 11:34:14.000 am,102.88715940506572,S,5000,Morning,28Mar2016
isin10074,Mon 28Mar16 11:34:14.000 am,102.88715940506572,S,10000,Morning,28Mar2016
isin10074,Mon 28Mar16 11:34:14.000 am,102.88715940506572,S,10000,Morning,28Mar2016
isin10074,Mon 28Mar16 11:34:14.000 am,102.88715940506572,S,5000,Morning,28Mar2016
isin10074,Mon 28Mar16 11:34:14.000 am,102.88715940506572,S,10000,Morning,28Mar2016
isin10074,Mon 28Mar16 11:34:15.000 am,102.88715940506572,S,5000,Morning,28Mar2016
isin10074,Mon 28Mar16 11:34:15.000 am,102.88715940506572,S,5000,Morning,28Mar2016
isin10074,Mon 28Mar16 11:34:15.000 am,102.88715940506572,S,5000,Morning,28Mar2016
isin10074,Mon 28Mar16 11:34:15.000 am,102.88715940506572,S,5000,Morning,28Mar2016
isin10074,Mon 28Mar16 11:34:15.000 am,102.88715940506572,S,10000,Morning,28Mar2016
isin10074,Mon 28Mar16 11:34:15.000 am,102.88715940506572,S,20000,Morning,28Mar2016
isin10074,Mon 28Mar16 11:34:15.000 am,102.88715940506572,S,5000,Morning,28Mar2016
isin10074,Mon 28Mar16 11:34:15.000 am,102.88715940506572,S,5000,Morning,28Mar2016
isin10074,Mon 28Mar16 11:34:15.000 am,102.88715940506572,S,5000,Morning,28Mar2016
isin10074,Mon 28Mar16 11:34:15.000 am,102.88715940506572,S,5000,Morning,28Mar2016
isin10074,Mon 28Mar16 11:34:15.000 am,102.88715940506572,S,5000,Morning,28Mar2016
isin10074,Mon 28Mar16 11:34:15.000 am,102.88715940506572,S,5000,Morning,28Mar2016
isin10074,Mon 28Mar16 11:34:15.000 am,102.88715940506572,S,10000,Morning,28Mar2016
isin10074,Mon 28Mar16 11:34:15.000 am,102.88715940506572,S,10000,Morning,28Mar2016
isin10074,Mon 28Mar16 11:34:15.000 am,102.88715940506572,S,5000,Morning,28Mar2016
isin10074,Mon 28Mar16 11:34:16.000 am,102.88715940506572,S,20000,Morning,28Mar2016
isin10074,Mon 28Mar16 11:34:16.000 am,102.88715940506572,S,5000,Morning,28Mar2016
isin10074,Mon 28Mar16 11:34:16.000 am,102.88715940506572,S,10000,Morning,28Mar2016
isin10074,Mon 28Mar16 11:34:16.000 am,102.88715940506572,S,5000,Morning,28Mar2016
isin10074,Mon 28Mar16 11:34:16.000 am,102.88715940506572,S,20000,Morning,28Mar2016
isin10074,Mon 28Mar16 11:34:16.000 am,102.88715940506572,S,10000,Morning,28Mar2016
isin10074,Mon 28Mar16 11:34:16.000 am,102.88715940506572,S,10000,Morning,28Mar2016
isin10074,Mon 28Mar16 11:34:16.000 am,102.88715940506572,S,5000,Morning,28Mar2016
isin10074,Mon 28Mar16 11:34:16.000 am,102.88715940506572,S,10000,Morning,28Mar2016
isin10074,Mon 28Mar16 11:34:16.000 am,102.88715940506572,S,5000,Morning,28Mar2016
isin10074,Mon 28Mar16 11:34:16.000 am,102.88715940506572,S,10000,Morning,28Mar2016
isin10074,Mon 28Mar16 11:34:16.000 am,102.88715940506572,S,10000,Morning,28Mar2016
isin10074,Mon 28Mar16 11:34:16.000 am,102.88715940506572,S,5000,Morning,28Mar2016
isin10074,Mon 28Mar16 11:34:16.000 am,102.88715940506572,S,5000,Morning,28Mar2016
isin10074,Mon 28Mar16 11:34:16.000 am,102.88715940506572,S,5000,Morning,28Mar2016
isin10074,Mon 28Mar16 12:39:42.000 pm,102.68609747523598,B,260000,Afternoon,28Mar2016
isin10074,Mon 28Mar16 12:39:42.000 pm,102.73007977238622,S,260000,Afternoon,28Mar2016
isin10074,Mon 28Mar16 01:45:01.000 pm,102.66724791931443,B,130000,Afternoon,28Mar2016
isin10074,Mon 28Mar16 01:45:01.000 pm,102.73007977238622,S,130000,Afternoon,28Mar2016
isin10074,Mon 28Mar16 02:12:06.000 pm,102.71027831389065,B,10000,Afternoon,28Mar2016
isin10074,Mon 28Mar16 04:12:53.000 pm,103.79089089174838,S,5000,Afternoon,28Mar2016
isin10074,Mon 28Mar16 04:13:01.000 pm,103.79089089174838,S,5000,Afternoon,28Mar2016
isin10074,Mon 28Mar16 04:13:01.000 pm,103.79089089174838,S,5000,Afternoon,28Mar2016
isin10074,Thu 24Mar16 11:58:22.000 am,103.14895879286486,B,10000,Morning,24Mar2016
isin10074,Thu 24Mar16 11:58:27.000 am,103.14895879286486,B,10000,Morning,24Mar2016
isin10074,Fri 25Mar16 09:25:25.000 am,103.16047796592802,B,20000,Morning,25Mar2016
isin10074,Fri 25Mar16 10:39:49.000 am,103.42960773658555,B,670000,Morning,25Mar2016
isin10074,Mon 21Mar16 08:32:18.000 am,104.19615634406146,S,3900000,Morning,21Mar2016
isin10074,Mon 21Mar16 02:41:39.000 pm,104.40769024940317,S,50000,Afternoon,21Mar2016
isin10074,Wed 30Mar16 01:30:16.000 pm,104.19615634406146,S,10000,Afternoon,30Mar2016
isin10074,Wed 30Mar16 01:30:23.000 pm,104.19615634406146,S,10000,Afternoon,30Mar2016
isin10074,Wed 30Mar16 01:36:28.000 pm,104.19615634406146,S,50000,Afternoon,30Mar2016
isin10074,Wed 30Mar16 01:36:32.000 pm,104.19615634406146,S,50000,Afternoon,30Mar2016
isin10074,Fri 18Mar16 11:14:22.000 am,103.38143664923051,B,20000,Morning,18Mar2016
isin10074,Fri 18Mar16 11:14:22.000 am,103.38143664923051,B,5000,Morning,18Mar2016
isin10074,Fri 18Mar16 11:14:22.000 am,103.38143664923051,B,10000,Morning,18Mar2016
isin10074,Fri 18Mar16 04:40:40.000 pm,105.33224316499629,S,40000,Afternoon,18Mar2016
isin10074,Tue 12Apr16 10:36:58.000 am,103.41075818066402,B,10000,Morning,12Apr2016
isin10074,Tue  7Jun16 11:04:43.000 am,106.15965175255508,B,3870000,Morning, 7Jun2016
isin10074,Mon 23May16 12:35:38.000 pm,107.33774899765126,S,100000,Afternoon,23May2016
isin10074,Mon 23May16 01:03:49.000 pm,106.63612663834954,B,60000,Afternoon,23May2016
isin10074,Mon 23May16 01:03:50.000 pm,106.63612663834954,B,60000,Afternoon,23May2016
isin10074,Mon 25Apr16 03:44:00.000 pm,106.02875205865551,S,50000,Afternoon,25Apr2016
isin10074,Mon 25Apr16 03:44:16.000 pm,106.02875205865551,S,50000,Afternoon,25Apr2016
isin10074,Wed  8Jun16 10:13:54.000 am,106.06959276315217,B,50000,Morning, 8Jun2016
isin10074,Wed  8Jun16 10:55:26.000 am,106.42145114035424,S,80000,Morning, 8Jun2016
isin10074,Wed  8Jun16 10:55:26.000 am,106.42145114035424,S,10000,Morning, 8Jun2016
isin10074,Wed  8Jun16 10:55:26.000 am,106.42145114035424,S,10000,Morning, 8Jun2016
isin10074,Wed  8Jun16 10:55:27.000 am,106.42145114035424,S,40000,Morning, 8Jun2016
isin10074,Wed  8Jun16 10:55:27.000 am,106.42145114035424,S,80000,Morning, 8Jun2016
isin10074,Wed  8Jun16 10:55:27.000 am,106.42145114035424,S,10000,Morning, 8Jun2016
isin10074,Wed  8Jun16 10:55:27.000 am,106.42145114035424,S,10000,Morning, 8Jun2016
isin10074,Wed  8Jun16 10:55:27.000 am,106.42145114035424,S,5000,Morning, 8Jun2016
isin10074,Wed  8Jun16 10:55:27.000 am,106.42145114035424,S,70000,Morning, 8Jun2016
isin10074,Wed  8Jun16 10:55:27.000 am,106.42145114035424,S,10000,Morning, 8Jun2016
isin10074,Wed  8Jun16 10:55:27.000 am,106.42145114035424,S,10000,Morning, 8Jun2016
isin10074,Wed  8Jun16 10:55:27.000 am,106.42145114035424,S,20000,Morning, 8Jun2016
isin10074,Wed  8Jun16 10:55:28.000 am,106.42145114035424,S,10000,Morning, 8Jun2016
isin10074,Wed  8Jun16 10:55:28.000 am,106.42145114035424,S,5000,Morning, 8Jun2016
isin10074,Wed  8Jun16 10:55:28.000 am,106.42145114035424,S,5000,Morning, 8Jun2016
isin10074,Wed  8Jun16 10:55:28.000 am,106.42145114035424,S,10000,Morning, 8Jun2016
isin10074,Wed  8Jun16 10:55:28.000 am,106.42145114035424,S,5000,Morning, 8Jun2016
isin10074,Wed  8Jun16 10:55:28.000 am,106.42145114035424,S,20000,Morning, 8Jun2016
isin10074,Wed  8Jun16 10:55:28.000 am,106.42145114035424,S,10000,Morning, 8Jun2016
isin10074,Wed  8Jun16 10:55:28.000 am,106.42145114035424,S,10000,Morning, 8Jun2016
isin10074,Wed  8Jun16 10:55:28.000 am,106.42145114035424,S,60000,Morning, 8Jun2016
isin10074,Wed  8Jun16 10:55:28.000 am,106.42145114035424,S,5000,Morning, 8Jun2016
isin10074,Wed  8Jun16 10:55:28.000 am,106.42145114035424,S,5000,Morning, 8Jun2016
isin10074,Wed  8Jun16 10:55:28.000 am,106.42145114035424,S,5000,Morning, 8Jun2016
isin10074,Wed  8Jun16 10:55:28.000 am,106.42145114035424,S,5000,Morning, 8Jun2016
isin10074,Wed  8Jun16 10:55:28.000 am,106.42145114035424,S,5000,Morning, 8Jun2016
isin10074,Wed  8Jun16 10:55:28.000 am,106.42145114035424,S,5000,Morning, 8Jun2016
isin10074,Wed  8Jun16 10:55:29.000 am,106.42145114035424,S,5000,Morning, 8Jun2016
isin10074,Wed  8Jun16 10:55:29.000 am,106.42145114035424,S,5000,Morning, 8Jun2016
isin10074,Wed  8Jun16 10:55:29.000 am,106.42145114035424,S,5000,Morning, 8Jun2016
isin10074,Wed  8Jun16 10:55:29.000 am,106.42145114035424,S,5000,Morning, 8Jun2016
isin10074,Wed  8Jun16 10:55:29.000 am,106.42145114035424,S,10000,Morning, 8Jun2016
isin10074,Wed  8Jun16 10:55:29.000 am,106.42145114035424,S,5000,Morning, 8Jun2016
isin10074,Wed  8Jun16 10:55:29.000 am,106.42145114035424,S,5000,Morning, 8Jun2016
isin10074,Wed  8Jun16 10:55:29.000 am,106.42145114035424,S,5000,Morning, 8Jun2016
isin10074,Wed  8Jun16 10:55:29.000 am,106.42145114035424,S,5000,Morning, 8Jun2016
isin10074,Wed  8Jun16 10:55:29.000 am,106.42145114035424,S,5000,Morning, 8Jun2016
isin10074,Wed  8Jun16 10:55:29.000 am,106.42145114035424,S,10000,Morning, 8Jun2016
isin10074,Wed  8Jun16 10:55:29.000 am,106.42145114035424,S,5000,Morning, 8Jun2016
isin10074,Wed  8Jun16 10:55:29.000 am,106.42145114035424,S,10000,Morning, 8Jun2016
isin10074,Wed  8Jun16 10:55:29.000 am,106.42145114035424,S,5000,Morning, 8Jun2016
isin10074,Wed  8Jun16 10:55:30.000 am,106.42145114035424,S,10000,Morning, 8Jun2016
isin10074,Wed  8Jun16 10:55:30.000 am,106.42145114035424,S,5000,Morning, 8Jun2016
isin10074,Wed  8Jun16 10:55:30.000 am,106.42145114035424,S,5000,Morning, 8Jun2016
isin10074,Wed  8Jun16 10:55:30.000 am,106.42145114035424,S,5000,Morning, 8Jun2016
isin10074,Wed  8Jun16 10:55:30.000 am,106.42145114035424,S,5000,Morning, 8Jun2016
isin10074,Wed  8Jun16 10:55:30.000 am,106.42145114035424,S,5000,Morning, 8Jun2016
isin10074,Wed  8Jun16 10:55:30.000 am,106.42145114035424,S,5000,Morning, 8Jun2016
isin10074,Wed  8Jun16 10:55:30.000 am,106.42145114035424,S,5000,Morning, 8Jun2016
isin10074,Wed  8Jun16 10:55:30.000 am,106.42145114035424,S,5000,Morning, 8Jun2016
isin10074,Wed  8Jun16 10:55:30.000 am,106.42145114035424,S,5000,Morning, 8Jun2016
isin10074,Wed  8Jun16 10:55:30.000 am,106.42145114035424,S,5000,Morning, 8Jun2016
isin10074,Wed  8Jun16 10:55:30.000 am,106.42145114035424,S,5000,Morning, 8Jun2016
isin10074,Wed  8Jun16 10:55:30.000 am,106.42145114035424,S,10000,Morning, 8Jun2016
isin10074,Wed  8Jun16 10:55:30.000 am,106.42145114035424,S,5000,Morning, 8Jun2016
isin10074,Wed  8Jun16 10:55:30.000 am,106.42145114035424,S,5000,Morning, 8Jun2016
isin10074,Wed  8Jun16 10:55:30.000 am,106.42145114035424,S,10000,Morning, 8Jun2016
isin10074,Wed  8Jun16 10:55:30.000 am,106.42145114035424,S,5000,Morning, 8Jun2016
isin10074,Wed  8Jun16 10:55:30.000 am,106.42145114035424,S,10000,Morning, 8Jun2016
isin10074,Wed  8Jun16 10:55:31.000 am,106.42145114035424,S,5000,Morning, 8Jun2016
isin10074,Wed  8Jun16 10:55:31.000 am,106.42145114035424,S,5000,Morning, 8Jun2016
isin10074,Wed  8Jun16 10:55:31.000 am,106.42145114035424,S,5000,Morning, 8Jun2016
isin10074,Wed  8Jun16 12:56:05.000 pm,106.55235083425382,S,130000,Afternoon, 8Jun2016
isin10074,Wed  8Jun16 02:10:18.000 pm,106.11985824560962,B,10000,Afternoon, 8Jun2016
isin10074,Wed  8Jun16 02:10:22.000 pm,106.11985824560962,B,10000,Afternoon, 8Jun2016
isin10074,Mon  2May16 09:55:56.000 am,106.29055144645466,S,3750000,Morning, 2May2016
isin10074,Mon  2May16 01:02:12.000 pm,106.81415022205296,S,160000,Afternoon, 2May2016
isin10074,Mon  2May16 03:14:42.000 pm,106.77435671510749,S,490000,Afternoon, 2May2016
isin10074,Tue 10May16 11:38:50.000 am,106.44763107913415,S,620000,Morning,10May2016
isin10074,Tue 10May16 11:42:44.000 am,106.44763107913415,S,620000,Morning,10May2016
isin10074,Mon  9May16 08:08:57.000 am,106.32929775584894,B,60000,Morning, 9May2016
isin10074,Wed  6Apr16 01:42:09.000 pm,103.11859006388016,S,270000,Afternoon, 6Apr2016
isin10074,Thu  9Jun16 10:44:52.000 am,106.02875205865551,B,730000,Morning, 9Jun2016
isin10074,Tue 19Apr16 01:57:24.000 pm,105.9680146006861,S,60000,Afternoon,19Apr2016
isin10074,Tue 19Apr16 01:57:28.000 pm,105.9680146006861,S,60000,Afternoon,19Apr2016
isin10074,Tue 19Apr16 02:53:19.000 pm,105.24335389525807,S,10000,Afternoon,19Apr2016
isin10074,Tue 19Apr16 02:53:23.000 pm,105.24335389525807,S,10000,Afternoon,19Apr2016
isin10074,Fri  6May16 11:38:33.000 am,106.35443049707766,B,210000,Morning, 6May2016
isin10074,Wed 13Apr16 12:14:26.000 pm,104.20767551712463,B,160000,Afternoon,13Apr2016
isin10074,Wed 13Apr16 12:14:26.000 pm,104.25165781427488,S,160000,Afternoon,13Apr2016
isin10074,Wed 13Apr16 02:44:03.000 pm,104.10714455220976,B,5000,Afternoon,13Apr2016
isin10074,Tue 26Apr16 11:01:57.000 am,106.35233610197525,S,30000,Morning,26Apr2016
isin10074,Tue 26Apr16 11:02:52.000 am,106.35233610197525,S,30000,Morning,26Apr2016
isin10074,Tue 26Apr16 04:11:23.000 pm,106.02875205865551,B,3750000,Afternoon,26Apr2016
isin10074,Tue 26Apr16 04:27:50.000 pm,106.29055144645466,S,3750000,Afternoon,26Apr2016
isin10074,Tue  3May16 10:13:20.000 am,106.29055144645466,B,310000,Morning, 3May2016
isin10074,Fri 13May16 10:40:13.000 am,106.15965175255508,B,10000,Morning,13May2016
isin10074,Thu 14Apr16 11:23:23.000 am,104.71975511965977,S,20000,Morning,14Apr2016
isin10074,Thu 14Apr16 11:31:12.000 am,104.71975511965977,S,100000,Morning,14Apr2016
isin10074,Thu 14Apr16 11:51:38.000 am,104.71975511965977,S,100000,Morning,14Apr2016
isin10074,Thu 14Apr16 12:06:46.000 pm,105.23707070995088,S,20000,Afternoon,14Apr2016
isin10074,Thu 14Apr16 12:07:44.000 pm,105.23707070995088,S,20000,Afternoon,14Apr2016
isin10074,Thu 14Apr16 03:46:24.000 pm,104.71975511965977,S,190000,Afternoon,14Apr2016
isin10074,Thu 14Apr16 03:47:05.000 pm,104.47366369512856,B,580000,Afternoon,14Apr2016
isin10074,Mon  4Apr16 11:01:37.000 am,103.56260182558752,B,10000,Morning, 4Apr2016
isin10074,Mon  4Apr16 01:57:25.000 pm,103.68407674152633,B,30000,Afternoon, 4Apr2016
isin10074,Thu  7Apr16 12:16:30.000 pm,105.54311209989298,S,30000,Afternoon, 7Apr2016
isin10074,Fri  1Apr16 11:56:24.000 am,104.40559585430078,S,320000,Morning, 1Apr2016
isin10074,Fri  1Apr16 12:56:59.000 pm,104.19615634406146,S,10000,Afternoon, 1Apr2016
isin10074,Fri  1Apr16 12:57:04.000 pm,104.19615634406146,S,10000,Afternoon, 1Apr2016
isin10074,Fri 22Apr16 01:41:18.000 pm,106.02875205865551,B,3750000,Afternoon,22Apr2016
isin10074,Fri 22Apr16 01:41:40.000 pm,106.29055144645466,S,3750000,Afternoon,22Apr2016
isin10074,Fri 22Apr16 03:53:36.000 pm,105.76695267085636,B,50000,Afternoon,22Apr2016
isin10074,Fri 29Apr16 01:27:22.000 pm,105.90308835251192,B,10000,Afternoon,29Apr2016
isin10074,Fri 29Apr16 01:27:23.000 pm,105.90308835251192,B,10000,Afternoon,29Apr2016
isin10074,Fri 29Apr16 03:29:46.000 pm,106.02875205865551,B,3750000,Afternoon,29Apr2016
isin10074,Fri 29Apr16 03:38:29.000 pm,106.29055144645466,S,3750000,Afternoon,29Apr2016
isin10074,Fri  3Jun16 11:03:53.000 am,106.57853077303373,S,30000,Morning, 3Jun2016
isin10074,Fri  3Jun16 12:40:59.000 pm,106.15965175255508,B,3870000,Afternoon, 3Jun2016
isin10074,Fri  3Jun16 12:41:09.000 pm,106.29055144645466,S,3870000,Afternoon, 3Jun2016
isin10074,Fri  3Jun16 01:05:03.000 pm,106.29055144645466,S,3870000,Afternoon, 3Jun2016
isin10074,Fri  3Jun16 03:59:07.000 pm,106.38375202851115,B,40000,Afternoon, 3Jun2016
isin10074,Fri  3Jun16 03:59:07.000 pm,106.38375202851115,B,40000,Afternoon, 3Jun2016
isin10074,Fri  3Jun16 03:59:36.000 pm,107.03929769556024,S,310000,Afternoon, 3Jun2016
isin10074,Fri  3Jun16 04:01:43.000 pm,106.29055144645466,B,520000,Afternoon, 3Jun2016
isin10074,Fri  3Jun16 04:04:42.000 pm,107.03929769556024,S,310000,Afternoon, 3Jun2016
isin10074,Thu  2Jun16 03:47:09.000 pm,106.42145114035424,B,3870000,Afternoon, 2Jun2016
isin10074,Thu  2Jun16 03:58:00.000 pm,106.29055144645466,B,3870000,Afternoon, 2Jun2016
isin10074,Thu  2Jun16 04:04:22.000 pm,106.42145114035424,S,3870000,Afternoon, 2Jun2016
isin10074,Thu  2Jun16 05:09:21.000 pm,106.55235083425382,S,3870000,Afternoon, 2Jun2016
isin10074,Wed  4May16 02:40:58.000 pm,108.90435653424136,S,520000,Afternoon, 4May2016
isin10074,Thu 19May16 04:14:46.000 pm,107.33774899765126,S,100000,Afternoon,19May2016
isin10074,Mon 11Apr16 11:47:36.000 am,104.40559585430078,S,30000,Morning,11Apr2016
isin10074,Mon 11Apr16 01:19:26.000 pm,103.84115637420582,S,10000,Afternoon,11Apr2016
isin10074,Mon 11Apr16 01:19:31.000 pm,103.84115637420582,S,10000,Afternoon,11Apr2016
isin10074,Mon 11Apr16 03:22:21.000 pm,104.40559585430078,S,20000,Afternoon,11Apr2016
isin10074,Thu 31Mar16 09:54:42.000 am,104.19615634406146,S,10000,Morning,31Mar2016
isin10074,Thu 31Mar16 09:54:57.000 am,104.19615634406146,S,10000,Morning,31Mar2016
isin10074,Thu 31Mar16 12:53:45.000 pm,103.34583193248983,B,160000,Afternoon,31Mar2016
isin10074,Thu 31Mar16 02:27:33.000 pm,103.16047796592802,B,360000,Afternoon,31Mar2016
isin10074,Thu 26May16 10:54:53.000 am,106.6162298848768,B,180000,Morning,26May2016
isin10074,Thu 26May16 12:50:53.000 pm,106.55235083425382,B,260000,Afternoon,26May2016
isin10074,Thu 21Apr16 10:24:04.000 am,106.29055144645466,S,50000,Morning,21Apr2016
isin10074,Thu 21Apr16 10:24:52.000 am,106.29055144645466,S,50000,Morning,21Apr2016
isin10074,Wed 27Apr16 12:28:08.000 pm,106.81415022205296,S,670000,Afternoon,27Apr2016
isin10074,Wed 25May16 01:53:29.000 pm,106.38479922606236,B,10000,Afternoon,25May2016
isin10074,Wed 25May16 03:04:13.000 pm,107.67913539934135,S,70000,Afternoon,25May2016
isin10000,Tue 22Mar16 04:49:13.000 pm,10.121583211335595,S,3900000,Afternoon,22Mar2016
isin10000,Thu 17Mar16 03:22:57.000 pm,9.7389372261283587,B,5000,Afternoon,17Mar2016
isin10000,Mon 28Mar16 02:28:19.000 pm,9.7389372261283587,S,10000,Afternoon,28Mar2016
isin10000,Mon 28Mar16 02:29:00.000 pm,9.7389372261283587,S,10000,Afternoon,28Mar2016
isin10000,Tue 19Apr16 10:57:00.000 am,10.084512418023236,S,5000,Morning,19Apr2016
isin10000,Fri 15Apr16 11:48:00.000 am,9.8017690792001524,B,5000,Morning,15Apr2016
isin10000,Fri  8Apr16 03:44:42.000 pm,9.4247779607693793,B,5000,Afternoon, 8Apr2016
isin10000,Fri  8Apr16 03:45:57.000 pm,9.4247779607693793,B,5000,Afternoon, 8Apr2016
isin10000,Thu 12May16 10:21:18.000 am,10.273007977238624,S,5000,Morning,12May2016
isin10000,Fri 20May16 12:19:00.000 pm,10.325367854798452,B,5000,Afternoon,20May2016
isin10000,Mon 11Apr16 10:29:42.000 am,9.749409201640324,S,5000,Morning,11Apr2016
isin10000,Wed 11May16 02:01:00.000 pm,10.105456369047168,B,5000,Afternoon,11May2016
isin10096,Mon 16May16 01:56:05.000 pm,112.57373675363425,S,190000,Afternoon,16May2016
isin10096,Tue  3May16 01:57:50.000 pm,112.44283705973467,S,140000,Afternoon, 3May2016
isin10096,Tue  3May16 03:54:27.000 pm,112.31193736583509,B,190000,Afternoon, 3May2016
isin10096,Thu  5May16 12:00:46.000 pm,112.06060995354792,B,120000,Afternoon, 5May2016
isin10096,Thu  5May16 01:10:26.000 pm,112.16532970866757,S,120000,Afternoon, 5May2016
isin10096,Thu 21Apr16 12:23:27.000 pm,111.94122943271149,B,450000,Afternoon,21Apr2016
isin10096,Thu 21Apr16 12:46:32.000 pm,112.08783708987903,S,450000,Afternoon,21Apr2016
isin10316,Wed 23Mar16 11:41:26.000 am,96.603974097886137,S,5000,Morning,23Mar2016
isin10316,Wed 23Mar16 11:41:30.000 am,96.603974097886137,S,5000,Morning,23Mar2016
isin10316,Thu 17Mar16 04:43:32.000 pm,94.771378383292088,B,60000,Afternoon,17Mar2016
isin10316,Thu 17Mar16 04:43:35.000 pm,94.771378383292088,B,60000,Afternoon,17Mar2016
isin10316,Mon 28Mar16 09:07:12.000 am,95.305449134402352,B,50000,Morning,28Mar2016
isin10316,Mon 28Mar16 09:07:12.000 am,95.305449134402352,B,50000,Morning,28Mar2016
isin10316,Mon 21Mar16 10:56:23.000 am,95.818575934488678,S,50000,Morning,21Mar2016
isin10316,Mon 21Mar16 10:57:25.000 am,95.818575934488678,S,50000,Morning,21Mar2016
isin10316,Mon 21Mar16 11:31:55.000 am,96.342174710086979,S,10000,Morning,21Mar2016
isin10316,Tue  5Apr16 01:58:02.000 pm,99.693206873916097,S,10000,Afternoon, 5Apr2016
isin10316,Tue  5Apr16 01:58:09.000 pm,99.693206873916097,S,10000,Afternoon, 5Apr2016
isin10316,Tue  5Apr16 02:49:08.000 pm,99.693206873916097,S,10000,Afternoon, 5Apr2016
isin10316,Tue  5Apr16 02:49:21.000 pm,99.693206873916097,S,10000,Afternoon, 5Apr2016
isin10316,Tue  5Apr16 02:52:57.000 pm,100.00736613927508,S,20000,Afternoon, 5Apr2016
isin10316,Tue  5Apr16 02:53:01.000 pm,100.00736613927508,S,20000,Afternoon, 5Apr2016
isin10316,Mon 23May16 12:39:39.000 pm,101.57816246606997,S,10000,Afternoon,23May2016
isin10316,Mon 23May16 12:39:46.000 pm,101.57816246606997,S,10000,Afternoon,23May2016
isin10316,Tue 31May16 10:10:19.000 am,99.642941391458663,S,10000,Morning,31May2016
isin10316,Tue 31May16 10:11:02.000 am,99.642941391458663,S,10000,Morning,31May2016
isin10316,Wed  8Jun16 01:33:28.000 pm,93.462381444296341,B,30000,Afternoon, 8Jun2016
isin10316,Wed  8Jun16 02:32:57.000 pm,103.14895879286486,S,30000,Afternoon, 8Jun2016
isin10316,Wed  8Jun16 02:33:25.000 pm,103.14895879286486,S,40000,Afternoon, 8Jun2016
isin10316,Wed  8Jun16 03:59:00.000 pm,101.31636307827083,S,30000,Afternoon, 8Jun2016
isin10316,Wed  8Jun16 03:59:00.000 pm,101.31636307827083,S,30000,Afternoon, 8Jun2016
isin10316,Wed  8Jun16 03:59:05.000 pm,101.31636307827083,S,30000,Afternoon, 8Jun2016
isin10316,Mon  2May16 08:57:04.000 am,100.37388528219388,B,10000,Morning, 2May2016
isin10316,Mon  2May16 08:57:04.000 am,100.37388528219388,B,10000,Morning, 2May2016
isin10316,Mon  2May16 08:57:08.000 am,101.68288222118963,S,10000,Morning, 2May2016
isin10316,Mon  6Jun16 12:07:45.000 pm,100.82418022920842,S,10000,Afternoon, 6Jun2016
isin10316,Mon  6Jun16 12:07:46.000 pm,100.82418022920842,S,10000,Afternoon, 6Jun2016
isin10316,Mon  6Jun16 02:11:50.000 pm,96.342174710086979,B,20000,Afternoon, 6Jun2016
isin10316,Mon  6Jun16 02:11:50.000 pm,96.342174710086979,B,20000,Afternoon, 6Jun2016
isin10316,Mon  9May16 11:28:56.000 am,97.389372261283583,B,10000,Morning, 9May2016
isin10316,Mon  9May16 11:28:56.000 am,97.389372261283583,B,10000,Morning, 9May2016
isin10316,Mon  9May16 03:24:19.000 pm,100.79276430267252,B,10000,Afternoon, 9May2016
isin10316,Mon  9May16 03:24:19.000 pm,100.79276430267252,S,10000,Afternoon, 9May2016
isin10316,Mon  9May16 03:24:19.000 pm,100.79276430267252,B,10000,Afternoon, 9May2016
isin10316,Mon  9May16 03:25:00.000 pm,100.79276430267252,S,10000,Afternoon, 9May2016
isin10316,Tue 24May16 02:11:36.000 pm,101.23258727417509,S,80000,Afternoon,24May2016
isin10316,Tue 24May16 02:12:14.000 pm,101.23258727417509,S,80000,Afternoon,24May2016
isin10316,Thu  9Jun16 09:10:50.000 am,102.62536001726657,S,10000,Morning, 9Jun2016
isin10316,Thu  9Jun16 11:53:57.000 am,101.31636307827083,S,20000,Morning, 9Jun2016
isin10316,Thu  9Jun16 11:53:58.000 am,101.31636307827083,S,20000,Morning, 9Jun2016
isin10316,Thu  9Jun16 02:25:39.000 pm,98.436569812480172,S,10000,Afternoon, 9Jun2016
isin10316,Thu  9Jun16 02:25:42.000 pm,98.436569812480172,S,10000,Afternoon, 9Jun2016
isin10316,Tue 19Apr16 11:31:26.000 am,95.860463836536553,B,10000,Morning,19Apr2016
isin10316,Tue 19Apr16 01:47:07.000 pm,97.48990322619845,S,10000,Afternoon,19Apr2016
isin10316,Tue 19Apr16 01:48:07.000 pm,97.48990322619845,S,10000,Afternoon,19Apr2016
isin10316,Fri  6May16 10:22:33.000 am,102.62536001726657,S,20000,Morning, 6May2016
isin10316,Fri  6May16 12:00:30.000 pm,101.05456369047167,S,30000,Afternoon, 6May2016
isin10316,Fri  6May16 12:00:47.000 pm,101.05456369047167,S,30000,Afternoon, 6May2016
isin10316,Wed 13Apr16 10:46:01.000 am,92.688502453962045,B,60000,Morning,13Apr2016
isin10316,Tue 26Apr16 08:44:03.000 am,97.232292628604085,S,10000,Morning,26Apr2016
isin10316,Tue 26Apr16 08:44:29.000 am,97.232292628604085,S,10000,Morning,26Apr2016
isin10316,Tue 26Apr16 10:38:57.000 am,98.436569812480172,S,20000,Morning,26Apr2016
isin10316,Tue 26Apr16 12:24:36.000 pm,97.169460775532301,S,10000,Afternoon,26Apr2016
isin10316,Tue 26Apr16 12:24:37.000 pm,97.169460775532301,S,10000,Afternoon,26Apr2016
isin10316,Tue 26Apr16 12:24:44.000 pm,97.169460775532301,S,10000,Afternoon,26Apr2016
isin10316,Tue 26Apr16 12:56:48.000 pm,99.74556675147592,S,10000,Afternoon,26Apr2016
isin10316,Tue 26Apr16 01:00:34.000 pm,99.483767363676776,B,10000,Afternoon,26Apr2016
isin10316,Tue 26Apr16 01:00:49.000 pm,99.483767363676776,B,10000,Afternoon,26Apr2016
isin10316,Tue 26Apr16 01:01:10.000 pm,99.74556675147592,S,10000,Afternoon,26Apr2016
isin10316,Tue 26Apr16 01:02:03.000 pm,99.483767363676776,S,10000,Afternoon,26Apr2016
isin10316,Tue 26Apr16 01:02:28.000 pm,99.483767363676776,S,10000,Afternoon,26Apr2016
isin10316,Tue 26Apr16 01:02:55.000 pm,99.483767363676776,S,10000,Afternoon,26Apr2016
isin10316,Tue 26Apr16 01:32:35.000 pm,94.429991981602001,B,70000,Afternoon,26Apr2016
isin10316,Tue 26Apr16 03:43:16.000 pm,96.923369351001099,S,10000,Afternoon,26Apr2016
isin10316,Wed 18May16 04:16:31.000 pm,101.44726277217039,S,10000,Afternoon,18May2016
isin10316,Wed 18May16 04:16:36.000 pm,101.44726277217039,S,10000,Afternoon,18May2016
isin10316,Fri 13May16 04:58:51.000 pm,101.44726277217039,S,30000,Afternoon,13May2016
isin10316,Fri 13May16 04:58:55.000 pm,101.44726277217039,S,30000,Afternoon,13May2016
isin10316,Wed  1Jun16 11:51:22.000 am,96.418620131324332,B,20000,Morning, 1Jun2016
isin10316,Wed  1Jun16 12:34:12.000 pm,101.31636307827083,S,20000,Afternoon, 1Jun2016
isin10316,Wed  1Jun16 12:34:21.000 pm,101.31636307827083,S,20000,Afternoon, 1Jun2016
isin10316,Wed  1Jun16 02:11:05.000 pm,96.106555261067754,B,10000,Afternoon, 1Jun2016
isin10316,Wed  1Jun16 02:11:05.000 pm,96.106555261067754,B,10000,Afternoon, 1Jun2016
isin10316,Thu  7Apr16 02:18:08.000 pm,99.483767363676776,S,10000,Afternoon, 7Apr2016
isin10316,Thu  7Apr16 02:24:59.000 pm,99.483767363676776,S,10000,Afternoon, 7Apr2016
isin10316,Thu  7Apr16 04:28:57.000 pm,93.172307722614875,B,10000,Afternoon, 7Apr2016
isin10316,Thu  7Apr16 04:28:58.000 pm,93.172307722614875,B,10000,Afternoon, 7Apr2016
isin10316,Fri  1Apr16 04:26:06.000 pm,95.056216117217559,B,10000,Afternoon, 1Apr2016
isin10316,Fri  1Apr16 04:26:06.000 pm,95.056216117217559,B,10000,Afternoon, 1Apr2016
isin10316,Fri 15Apr16 03:14:39.000 pm,96.062572963917489,S,40000,Afternoon,15Apr2016
isin10316,Thu  5May16 01:13:58.000 pm,102.60441606624263,S,50000,Afternoon, 5May2016
isin10316,Thu  5May16 02:41:03.000 pm,102.52064026214691,S,30000,Afternoon, 5May2016
isin10316,Thu  5May16 03:41:22.000 pm,101.05456369047167,S,30000,Afternoon, 5May2016
isin10316,Thu  5May16 03:42:09.000 pm,101.05456369047167,S,30000,Afternoon, 5May2016
isin10316,Fri 29Apr16 12:01:09.000 pm,94.908561262498836,B,30000,Afternoon,29Apr2016
isin10316,Fri 29Apr16 12:01:10.000 pm,94.908561262498836,B,30000,Afternoon,29Apr2016
isin10316,Fri 29Apr16 12:41:07.000 pm,100.00736613927508,S,30000,Afternoon,29Apr2016
isin10316,Fri 29Apr16 01:01:44.000 pm,100.13826583317464,S,20000,Afternoon,29Apr2016
isin10316,Fri 29Apr16 01:04:27.000 pm,100.13826583317464,S,50000,Afternoon,29Apr2016
isin10316,Fri 29Apr16 01:06:05.000 pm,100.13826583317464,S,30000,Afternoon,29Apr2016
isin10316,Fri 20May16 10:22:00.000 am,101.57816246606997,S,5000,Morning,20May2016
isin10316,Fri 20May16 10:22:08.000 am,101.57816246606997,S,5000,Morning,20May2016
isin10316,Fri 20May16 10:22:32.000 am,101.57816246606997,S,5000,Morning,20May2016
isin10316,Fri 20May16 10:22:41.000 am,101.57816246606997,S,5000,Morning,20May2016
isin10316,Fri 20May16 12:13:37.000 pm,99.483767363676776,S,5000,Afternoon,20May2016
isin10316,Fri 20May16 12:13:47.000 pm,99.483767363676776,S,5000,Afternoon,20May2016
isin10316,Fri 20May16 12:16:21.000 pm,99.483767363676776,B,5000,Afternoon,20May2016
isin10316,Thu  2Jun16 09:20:37.000 am,101.31636307827083,S,10000,Morning, 2Jun2016
isin10316,Thu  2Jun16 09:20:40.000 am,101.31636307827083,S,10000,Morning, 2Jun2016
isin10316,Wed  4May16 11:36:04.000 am,100.00736613927508,S,10000,Morning, 4May2016
isin10316,Wed  4May16 11:36:12.000 am,100.00736613927508,S,10000,Morning, 4May2016
isin10316,Thu 28Apr16 08:38:15.000 am,99.483767363676776,S,10000,Morning,28Apr2016
isin10316,Thu 28Apr16 08:38:17.000 am,99.483767363676776,S,10000,Morning,28Apr2016
isin10316,Thu 28Apr16 09:21:14.000 am,99.483767363676776,S,10000,Morning,28Apr2016
isin10316,Thu 28Apr16 09:21:14.000 am,99.483767363676776,S,10000,Morning,28Apr2016
isin10316,Thu 28Apr16 09:37:11.000 am,101.05456369047167,S,10000,Morning,28Apr2016
isin10316,Thu 28Apr16 11:19:22.000 am,101.05456369047167,S,10000,Morning,28Apr2016
isin10316,Thu 28Apr16 11:31:00.000 am,100.79276430267252,S,10000,Morning,28Apr2016
isin10316,Thu 28Apr16 12:08:05.000 pm,99.483767363676776,S,30000,Afternoon,28Apr2016
isin10316,Thu 28Apr16 12:14:47.000 pm,99.483767363676776,S,30000,Afternoon,28Apr2016
isin10316,Thu 28Apr16 12:14:50.000 pm,101.05456369047167,S,30000,Afternoon,28Apr2016
isin10316,Thu 28Apr16 12:47:29.000 pm,101.31636307827083,S,10000,Afternoon,28Apr2016
isin10316,Thu 28Apr16 01:50:50.000 pm,97.782071342982306,S,30000,Afternoon,28Apr2016
isin10316,Thu 28Apr16 01:54:20.000 pm,97.782071342982306,S,30000,Afternoon,28Apr2016
isin10316,Thu 28Apr16 02:17:26.000 pm,100.00736613927508,S,50000,Afternoon,28Apr2016
isin10316,Thu 28Apr16 02:19:31.000 pm,100.00736613927508,S,30000,Afternoon,28Apr2016
isin10316,Thu 28Apr16 02:33:21.000 pm,100.53096491487338,S,50000,Afternoon,28Apr2016
isin10316,Thu 28Apr16 03:25:02.000 pm,96.865773485685281,B,270000,Afternoon,28Apr2016
isin10316,Thu 28Apr16 03:47:03.000 pm,100.53096491487338,S,30000,Afternoon,28Apr2016
isin10316,Thu 28Apr16 03:50:50.000 pm,94.71378251797627,B,30000,Afternoon,28Apr2016
isin10316,Thu 28Apr16 03:59:26.000 pm,97.878413517692394,S,30000,Afternoon,28Apr2016
isin10316,Thu 28Apr16 03:59:29.000 pm,97.878413517692394,S,30000,Afternoon,28Apr2016
isin10316,Thu 19May16 12:25:51.000 pm,96.603974097886137,B,30000,Afternoon,19May2016
isin10316,Thu 19May16 12:25:52.000 pm,96.603974097886137,B,30000,Afternoon,19May2016
isin10316,Mon 11Apr16 10:11:43.000 am,96.854254312622118,S,10000,Morning,11Apr2016
isin10316,Mon 11Apr16 10:11:43.000 am,96.854254312622118,S,10000,Morning,11Apr2016
isin10316,Mon 18Apr16 12:56:38.000 pm,98.049922485429818,S,5000,Afternoon,18Apr2016
isin10316,Thu 31Mar16 02:13:56.000 pm,94.29804509015122,B,30000,Afternoon,31Mar2016
isin10316,Thu 26May16 10:15:39.000 am,102.88715940506572,S,20000,Morning,26May2016
isin10316,Thu 26May16 12:55:15.000 pm,97.947528556071362,B,30000,Afternoon,26May2016
isin10316,Thu 26May16 12:55:15.000 pm,97.947528556071362,B,30000,Afternoon,26May2016
isin10316,Wed 27Apr16 12:42:41.000 pm,97.201923899619388,S,20000,Afternoon,27Apr2016
isin10316,Wed 27Apr16 12:42:41.000 pm,97.201923899619388,S,20000,Afternoon,27Apr2016
isin10316,Wed 27Apr16 12:47:07.000 pm,97.463723287418532,S,20000,Afternoon,27Apr2016
isin10316,Wed 27Apr16 12:47:11.000 pm,97.463723287418532,S,20000,Afternoon,27Apr2016
isin10316,Wed 27Apr16 12:59:55.000 pm,98.436569812480172,S,100000,Afternoon,27Apr2016
isin10316,Wed 27Apr16 01:00:00.000 pm,98.436569812480172,S,100000,Afternoon,27Apr2016
isin10316,Wed 27Apr16 01:29:19.000 pm,97.912971036881885,S,5000,Afternoon,27Apr2016
isin10316,Wed 27Apr16 01:29:28.000 pm,97.912971036881885,S,5000,Afternoon,27Apr2016
isin10316,Wed 27Apr16 01:29:28.000 pm,97.912971036881885,S,5000,Afternoon,27Apr2016
isin10316,Wed 27Apr16 02:34:57.000 pm,97.912971036881885,S,10000,Afternoon,27Apr2016
isin10316,Wed 27Apr16 02:35:02.000 pm,97.912971036881885,S,10000,Afternoon,27Apr2016
isin10316,Wed 27Apr16 02:35:13.000 pm,97.912971036881885,S,10000,Afternoon,27Apr2016
isin10316,Wed 27Apr16 04:02:50.000 pm,97.912971036881885,S,5000,Afternoon,27Apr2016
isin10316,Wed 27Apr16 04:03:44.000 pm,97.912971036881885,S,5000,Afternoon,27Apr2016
isin10316,Wed 27Apr16 04:52:00.000 pm,97.912971036881885,S,30000,Afternoon,27Apr2016
isin10316,Wed 27Apr16 04:52:17.000 pm,97.912971036881885,S,30000,Afternoon,27Apr2016
isin10316,Fri 27May16 10:18:57.000 am,97.46267608986733,B,20000,Morning,27May2016
isin10316,Fri 27May16 10:18:57.000 am,97.46267608986733,B,20000,Morning,27May2016
isin10316,Fri 27May16 11:03:42.000 am,99.461776215101651,S,10000,Morning,27May2016
isin10316,Fri 27May16 11:03:50.000 am,99.461776215101651,S,10000,Morning,27May2016
isin10316,Fri 27May16 04:35:47.000 pm,99.588487118796422,B,10000,Afternoon,27May2016
isin10316,Fri 27May16 04:35:47.000 pm,99.588487118796422,B,10000,Afternoon,27May2016
isin10316,Fri 27May16 04:35:47.000 pm,99.588487118796422,S,10000,Afternoon,27May2016
isin10316,Fri 27May16 04:35:48.000 pm,99.588487118796422,S,10000,Afternoon,27May2016
isin10141,Tue 29Mar16 01:24:28.000 pm,109.21642140449795,S,1050000,Afternoon,29Mar2016
isin10141,Tue 22Mar16 09:55:54.000 am,110.06988740872318,B,30000,Morning,22Mar2016
isin10141,Tue 22Mar16 01:23:27.000 pm,108.88760137342223,B,90000,Afternoon,22Mar2016
isin10141,Wed 23Mar16 10:23:09.000 am,109.52639187965215,B,310000,Morning,23Mar2016
isin10141,Wed 23Mar16 10:23:10.000 am,109.52639187965215,B,310000,Morning,23Mar2016
isin10141,Wed 23Mar16 11:03:59.000 am,109.36407625921667,B,80000,Morning,23Mar2016
isin10141,Wed 23Mar16 11:04:05.000 am,109.36407625921667,B,80000,Morning,23Mar2016
isin10141,Wed 23Mar16 01:43:30.000 pm,109.82170158908959,S,10000,Afternoon,23Mar2016
isin10141,Wed 23Mar16 02:38:38.000 pm,109.0792385252912,B,10000,Afternoon,23Mar2016
isin10141,Wed 23Mar16 02:39:46.000 pm,109.0792385252912,B,10000,Afternoon,23Mar2016
isin10141,Thu 17Mar16 12:04:21.000 pm,109.5054479286282,B,3010000,Afternoon,17Mar2016
isin10141,Mon 28Mar16 12:05:27.000 pm,110.46677528062669,S,30000,Afternoon,28Mar2016
isin10141,Mon 28Mar16 01:48:39.000 pm,113.01819776309107,S,10000,Afternoon,28Mar2016
isin10141,Mon 28Mar16 02:14:36.000 pm,109.4281647493499,S,10000,Afternoon,28Mar2016
isin10141,Mon 28Mar16 02:14:39.000 pm,109.4281647493499,S,10000,Afternoon,28Mar2016
isin10141,Thu 24Mar16 11:34:06.000 am,109.61854526415745,S,10000,Morning,24Mar2016
isin10141,Thu 24Mar16 01:42:26.000 pm,109.5682797817,S,50000,Afternoon,24Mar2016
isin10141,Thu 24Mar16 01:42:50.000 pm,109.5682797817,S,50000,Afternoon,24Mar2016
isin10141,Fri 25Mar16 11:04:21.000 am,109.19233586082044,B,70000,Morning,25Mar2016
isin10141,Fri 25Mar16 01:34:06.000 pm,110.10339773036148,S,160000,Afternoon,25Mar2016
isin10141,Mon 21Mar16 09:20:16.000 am,110.47934165124104,B,30000,Morning,21Mar2016
isin10141,Mon 21Mar16 11:26:42.000 am,109.57246857190479,B,20000,Morning,21Mar2016
isin10141,Mon 21Mar16 11:26:42.000 am,109.57246857190479,B,20000,Morning,21Mar2016
isin10141,Wed 30Mar16 03:28:25.000 pm,111.00294042683934,S,180000,Afternoon,30Mar2016
isin10141,Fri 18Mar16 12:38:15.000 pm,113.51753401862568,S,10000,Afternoon,18Mar2016
isin10141,Wed 16Mar16 04:18:37.000 pm,110.31912042590797,S,5240000,Afternoon,16Mar2016
isin10141,Wed 16Mar16 04:18:47.000 pm,110.25419417773378,B,5240000,Afternoon,16Mar2016
isin10141,Tue  7Jun16 09:22:34.000 am,116.39229235859018,S,30000,Morning, 7Jun2016
isin10141,Tue 31May16 01:09:01.000 pm,111.98940052006654,B,100000,Afternoon,31May2016
isin10141,Tue 31May16 03:01:51.000 pm,112.63237981650126,B,30000,Afternoon,31May2016
isin10141,Mon 16May16 02:59:53.000 pm,112.99814811877586,S,1050000,Afternoon,16May2016
isin10141,Wed  8Jun16 08:40:48.000 am,115.01370704792231,S,10000,Morning, 8Jun2016
isin10141,Wed  8Jun16 11:19:59.000 am,115.06397253037976,S,20000,Morning, 8Jun2016
isin10141,Tue  3May16 03:32:24.000 pm,112.26376627848005,S,10000,Afternoon, 3May2016
isin10141,Wed  6Apr16 12:38:16.000 pm,107.68122979444374,B,5000,Afternoon, 6Apr2016
isin10141,Wed  6Apr16 12:38:16.000 pm,107.68122979444374,B,5000,Afternoon, 6Apr2016
isin10141,Thu  9Jun16 01:30:59.000 pm,113.50783696930161,B,10000,Afternoon, 9Jun2016
isin10141,Thu  9Jun16 01:30:59.000 pm,113.50783696930161,B,10000,Afternoon, 9Jun2016
isin10141,Tue 19Apr16 12:11:34.000 pm,111.84174566534783,S,30000,Afternoon,19Apr2016
isin10141,Tue 19Apr16 02:25:14.000 pm,111.2375126783074,B,20000,Afternoon,19Apr2016
isin10141,Fri  6May16 09:21:42.000 am,111.05425310684799,B,20000,Morning, 6May2016
isin10141,Fri  6May16 09:21:42.000 am,111.05425310684799,B,20000,Morning, 6May2016
isin10141,Fri  6May16 11:28:45.000 am,111.21761592483465,B,10000,Morning, 6May2016
isin10141,Fri  6May16 11:29:03.000 am,111.21761592483465,B,10000,Morning, 6May2016
isin10141,Fri  6May16 11:31:03.000 am,112.53603764179117,B,310000,Morning, 6May2016
isin10141,Fri  6May16 12:45:40.000 pm,111.45637696650748,B,30000,Afternoon, 6May2016
isin10141,Fri  6May16 12:47:05.000 pm,111.45637696650748,B,30000,Afternoon, 6May2016
isin10141,Wed 13Apr16 11:30:03.000 am,111.25740943178012,S,100000,Morning,13Apr2016
isin10141,Wed 13Apr16 11:30:06.000 am,111.25740943178012,S,100000,Morning,13Apr2016
isin10141,Tue 26Apr16 09:23:14.000 am,110.33587558672711,B,10000,Morning,26Apr2016
isin10141,Tue 26Apr16 11:34:36.000 am,111.49721767100414,S,20000,Morning,26Apr2016
isin10141,Tue 26Apr16 11:34:36.000 am,111.49721767100414,S,20000,Morning,26Apr2016
isin10141,Tue 26Apr16 04:43:39.000 pm,112.05013797803595,B,10000,Afternoon,26Apr2016
isin10141,Wed 18May16 10:08:56.000 am,111.39354511343568,B,50000,Morning,18May2016
isin10141,Tue  3May16 09:43:44.000 am,111.78310260248082,S,120000,Morning, 3May2016
isin10141,Tue  3May16 10:32:49.000 am,112.17580168417955,S,140000,Morning, 3May2016
isin10141,Tue  3May16 04:01:31.000 pm,110.5526454798248,B,50000,Afternoon, 3May2016
isin10141,Tue  3May16 04:03:01.000 pm,110.5526454798248,B,50000,Afternoon, 3May2016
isin10141,Fri 13May16 11:04:37.000 am,112.87532964837887,B,1050000,Morning,13May2016
isin10141,Fri 13May16 04:05:49.000 pm,111.58518226530465,B,10000,Afternoon,13May2016
isin10141,Mon  4Apr16 09:38:35.000 am,108.96645534902733,B,100000,Morning, 4Apr2016
isin10141,Thu  7Apr16 12:57:57.000 pm,110.01333874095857,B,10000,Afternoon, 7Apr2016
isin10141,Thu  7Apr16 12:57:57.000 pm,110.01333874095857,B,10000,Afternoon, 7Apr2016
isin10141,Fri  1Apr16 12:35:35.000 pm,109.96412045605231,S,80000,Afternoon, 1Apr2016
isin10141,Thu  5May16 11:25:39.000 am,110.29189328957686,B,5000,Morning, 5May2016
isin10141,Fri  8Apr16 01:58:50.000 pm,110.84795518926225,S,5000,Afternoon, 8Apr2016
isin10141,Fri  8Apr16 03:19:04.000 pm,109.92432694910686,S,10000,Afternoon, 8Apr2016
isin10141,Fri  8Apr16 03:19:04.000 pm,109.92432694910686,S,10000,Afternoon, 8Apr2016
isin10141,Fri 22Apr16 12:03:00.000 pm,112.99471016921528,S,10000,Afternoon,22Apr2016
isin10141,Fri 22Apr16 12:04:03.000 pm,112.99471016921528,S,20000,Afternoon,22Apr2016
isin10141,Fri 29Apr16 09:59:38.000 am,111.60926780898217,S,40000,Morning,29Apr2016
isin10141,Fri 20May16 09:24:25.000 am,113.43243874561544,S,30000,Morning,20May2016
isin10141,Fri 20May16 09:24:30.000 am,113.43243874561544,S,30000,Morning,20May2016
isin10141,Fri  3Jun16 08:59:42.000 am,112.13967651025591,B,50000,Morning, 3Jun2016
isin10141,Fri  3Jun16 02:56:32.000 pm,112.86904646307168,B,10000,Afternoon, 3Jun2016
isin10141,Fri  3Jun16 02:56:32.000 pm,112.86904646307168,B,10000,Afternoon, 3Jun2016
isin10141,Fri  3Jun16 02:56:37.000 pm,112.97376621819136,S,10000,Afternoon, 3Jun2016
isin10141,Fri  3Jun16 03:17:39.000 pm,112.11803093687267,B,50000,Afternoon, 3Jun2016
isin10141,Wed  4May16 08:31:54.000 am,112.83647861922947,S,170000,Morning, 4May2016
isin10141,Wed  4May16 12:34:01.000 pm,110.64375166677891,B,50000,Afternoon, 4May2016
isin10141,Wed  4May16 12:35:28.000 pm,110.64375166677891,B,50000,Afternoon, 4May2016
isin10141,Mon 11Apr16 11:12:17.000 am,111.41763065711321,S,50000,Morning,11Apr2016
isin10141,Mon 11Apr16 11:15:56.000 am,111.41763065711321,S,50000,Morning,11Apr2016
isin10141,Mon 11Apr16 11:39:31.000 am,108.76926805013701,B,20000,Morning,11Apr2016
isin10141,Mon 11Apr16 11:39:31.000 am,108.76926805013701,B,20000,Morning,11Apr2016
isin10141,Mon 11Apr16 03:03:54.000 pm,110.33168679652232,B,50000,Afternoon,11Apr2016
isin10141,Mon 11Apr16 03:30:58.000 pm,112.23444474704655,S,20000,Afternoon,11Apr2016
isin10141,Wed 11May16 11:01:11.000 am,111.22808790034662,B,10000,Morning,11May2016
isin10141,Wed 11May16 11:01:11.000 am,111.22808790034662,B,10000,Morning,11May2016
isin10141,Thu 31Mar16 11:27:16.000 am,109.01326507956581,S,1050000,Morning,31Mar2016
isin10141,Thu 31Mar16 11:59:06.000 am,109.96830924625711,S,240000,Morning,31Mar2016
isin10141,Thu 31Mar16 04:00:11.000 pm,111.2333238881026,S,10000,Afternoon,31Mar2016
isin10141,Thu 31Mar16 04:00:29.000 pm,109.14186093885276,S,10000,Afternoon,31Mar2016
isin10141,Thu 26May16 09:31:06.000 am,113.44291072112742,S,10000,Morning,26May2016
isin10141,Thu 26May16 09:31:31.000 am,113.44291072112742,S,10000,Morning,26May2016
isin10141,Thu 21Apr16 09:32:34.000 am,111.48569849794097,S,80000,Morning,21Apr2016
isin10141,Thu 21Apr16 10:35:02.000 am,111.93777368079256,S,50000,Morning,21Apr2016
isin10141,Wed 27Apr16 08:58:12.000 am,111.59984303102141,S,10000,Morning,27Apr2016
isin10141,Wed 27Apr16 09:33:53.000 am,111.88153917229329,S,10000,Morning,27Apr2016
isin10141,Wed 27Apr16 09:34:29.000 am,111.88153917229329,S,10000,Morning,27Apr2016
isin10141,Fri 27May16 09:34:22.000 am,112.76013791774724,B,10000,Morning,27May2016
isin10141,Fri 27May16 10:39:09.000 am,112.67007892834432,B,110000,Morning,27May2016
isin10141,Fri 27May16 10:39:09.000 am,112.67007892834432,B,110000,Morning,27May2016
isin10141,Wed 25May16 10:10:49.000 am,113.09838272678374,B,520000,Morning,25May2016
isin10141,Wed 25May16 04:40:08.000 pm,112.7727042883616,B,50000,Afternoon,25May2016
isin10141,Wed 25May16 04:45:04.000 pm,112.7727042883616,B,50000,Afternoon,25May2016
isin10141,Wed 25May16 04:50:18.000 pm,112.7727042883616,B,50000,Afternoon,25May2016
isin10300,Wed 23Mar16 10:15:53.000 am,72.518430420364382,B,1050000,Morning,23Mar2016
isin10300,Wed 23Mar16 10:26:14.000 am,72.78022980816354,S,1050000,Morning,23Mar2016
isin10300,Thu 17Mar16 05:12:57.000 pm,70.947634093569491,S,3820000,Afternoon,17Mar2016
isin10300,Mon 21Mar16 02:19:59.000 pm,71.99483164476608,S,520000,Afternoon,21Mar2016
isin10300,Mon 21Mar16 03:35:41.000 pm,73.042029195962684,B,3820000,Afternoon,21Mar2016
isin10300,Mon 21Mar16 03:35:53.000 pm,73.042029195962684,B,3820000,Afternoon,21Mar2016
isin10300,Mon 21Mar16 03:55:29.000 pm,73.042029195962684,S,3820000,Afternoon,21Mar2016
isin10300,Mon 21Mar16 04:22:04.000 pm,73.303828583761828,S,3820000,Afternoon,21Mar2016
isin10300,Mon 21Mar16 04:29:46.000 pm,73.303828583761828,B,3820000,Afternoon,21Mar2016
isin10300,Mon  2May16 03:27:27.000 pm,71.99483164476608,S,3680000,Afternoon, 2May2016
isin10300,Mon  6Jun16 11:49:14.000 am,73.565627971560986,S,3680000,Morning, 6Jun2016
isin10300,Mon  6Jun16 03:10:44.000 pm,73.565627971560986,S,3680000,Afternoon, 6Jun2016
isin10300,Mon  6Jun16 03:10:51.000 pm,73.303828583761828,B,3680000,Afternoon, 6Jun2016
isin10300,Tue 19Apr16 11:14:32.000 am,74.351026134958431,S,3680000,Morning,19Apr2016
isin10300,Tue 19Apr16 01:12:44.000 pm,73.827427359360129,S,3680000,Afternoon,19Apr2016
isin10300,Tue 19Apr16 01:13:20.000 pm,73.827427359360129,S,3680000,Afternoon,19Apr2016
isin10300,Tue 19Apr16 03:37:57.000 pm,74.089226747159287,B,3680000,Afternoon,19Apr2016
isin10300,Wed 18May16 11:23:34.000 am,71.733032256966936,S,210000,Morning,18May2016
isin10300,Wed 18May16 11:24:37.000 am,70.685834705770347,B,210000,Morning,18May2016
isin10300,Tue  3May16 03:15:57.000 pm,72.256631032565238,S,1050000,Afternoon, 3May2016
isin10300,Tue  3May16 03:20:05.000 pm,71.99483164476608,B,1050000,Afternoon, 3May2016
isin10300,Fri 13May16 09:56:49.000 am,71.99483164476608,S,1050000,Morning,13May2016
isin10300,Mon  4Apr16 09:32:18.000 am,73.827427359360129,B,3820000,Morning, 4Apr2016
isin10300,Mon  4Apr16 10:55:23.000 am,74.089226747159287,S,3820000,Morning, 4Apr2016
isin10300,Thu  7Apr16 04:14:29.000 pm,74.351026134958431,S,1050000,Afternoon, 7Apr2016
isin10300,Fri  1Apr16 03:38:37.000 pm,73.303828583761828,B,3820000,Afternoon, 1Apr2016
isin10300,Fri  1Apr16 03:47:03.000 pm,73.434728277661407,S,1050000,Afternoon, 1Apr2016
isin10300,Fri  1Apr16 03:52:39.000 pm,73.303828583761828,B,3820000,Afternoon, 1Apr2016
isin10300,Fri  1Apr16 04:01:46.000 pm,73.565627971560986,S,3820000,Afternoon, 1Apr2016
isin10300,Thu  5May16 11:10:45.000 am,71.99483164476608,S,3680000,Morning, 5May2016
isin10300,Thu  5May16 04:34:02.000 pm,71.733032256966936,B,3680000,Afternoon, 5May2016
isin10300,Thu  5May16 05:08:32.000 pm,71.733032256966936,B,3680000,Afternoon, 5May2016
isin10300,Fri 20May16 01:16:04.000 pm,71.733032256966936,S,3680000,Afternoon,20May2016
isin10300,Fri 20May16 01:20:23.000 pm,71.733032256966936,S,3680000,Afternoon,20May2016
isin10300,Tue 24May16 04:17:14.000 pm,71.471232869167793,B,3680000,Afternoon,24May2016
isin10300,Fri  3Jun16 12:59:13.000 pm,73.303828583761828,B,3680000,Afternoon, 3Jun2016
isin10300,Fri  3Jun16 01:59:11.000 pm,74.41595238313262,S,50000,Afternoon, 3Jun2016
isin10300,Fri  3Jun16 05:02:05.000 pm,73.565627971560986,S,3680000,Afternoon, 3Jun2016
isin10300,Thu  2Jun16 02:03:11.000 pm,71.99483164476608,B,3680000,Afternoon, 2Jun2016
isin10300,Thu  2Jun16 04:40:52.000 pm,72.256631032565238,S,3680000,Afternoon, 2Jun2016
isin10300,Wed 20Apr16 10:53:53.000 am,73.958327053259708,S,3680000,Morning,20Apr2016
isin10300,Wed 20Apr16 04:10:54.000 pm,73.696527665460565,B,3680000,Afternoon,20Apr2016
isin10300,Thu 28Apr16 03:16:03.000 pm,72.387530726464817,S,520000,Afternoon,28Apr2016
isin10300,Thu 28Apr16 03:18:35.000 pm,72.387530726464817,S,520000,Afternoon,28Apr2016
isin10300,Thu 31Mar16 04:42:39.000 pm,71.733032256966936,B,250000,Afternoon,31Mar2016
isin10300,Thu 21Apr16 02:08:21.000 pm,72.78022980816354,S,3680000,Afternoon,21Apr2016
isin10300,Fri 27May16 11:14:32.000 am,71.340333175268213,S,3680000,Morning,27May2016
isin10300,Fri 27May16 11:16:24.000 am,71.340333175268213,S,3680000,Morning,27May2016
isin10037,Tue 29Mar16 10:28:55.000 am,92.704210417230001,B,310000,Morning,29Mar2016
isin10037,Tue 29Mar16 10:44:17.000 am,94.300139485253609,S,20000,Morning,29Mar2016
isin10037,Tue 29Mar16 10:46:47.000 am,92.723897731192494,S,50000,Morning,29Mar2016
isin10037,Tue 29Mar16 10:46:50.000 am,92.723897731192494,S,50000,Morning,29Mar2016
isin10037,Tue 29Mar16 11:04:58.000 am,90.844387566304846,B,10000,Morning,29Mar2016
isin10037,Tue 29Mar16 11:21:11.000 am,95.085537648651055,S,20000,Morning,29Mar2016
isin10037,Tue 29Mar16 11:28:59.000 am,95.425876852789955,S,50000,Morning,29Mar2016
isin10037,Tue 29Mar16 01:50:20.000 pm,95.425876852789955,S,30000,Afternoon,29Mar2016
isin10037,Tue 29Mar16 02:01:17.000 pm,91.891585117501435,B,50000,Afternoon,29Mar2016
isin10037,Tue 29Mar16 02:27:20.000 pm,94.980817893531409,S,20000,Afternoon,29Mar2016
isin10037,Tue 29Mar16 03:07:26.000 pm,92.925169100532472,S,10000,Afternoon,29Mar2016
isin10037,Tue 29Mar16 03:16:06.000 pm,91.753355040743486,B,40000,Afternoon,29Mar2016
isin10037,Tue 29Mar16 03:28:58.000 pm,95.161983069888421,S,10000,Afternoon,29Mar2016
isin10037,Fri 25Mar16 08:34:57.000 am,96.635390024422037,S,30000,Morning,25Mar2016
isin10037,Tue 22Mar16 08:59:30.000 am,94.106407938282246,S,10000,Morning,22Mar2016
isin10037,Tue 22Mar16 08:59:38.000 am,94.106407938282246,S,10000,Morning,22Mar2016
isin10037,Tue 22Mar16 09:40:33.000 am,92.676983280898895,B,30000,Morning,22Mar2016
isin10037,Tue 22Mar16 09:59:12.000 am,94.071850419092755,S,10000,Morning,22Mar2016
isin10037,Tue 22Mar16 10:54:34.000 am,92.938782668698039,B,120000,Morning,22Mar2016
isin10037,Tue 22Mar16 11:55:19.000 am,93.985980219894643,S,20000,Morning,22Mar2016
isin10037,Tue 22Mar16 11:55:19.000 am,93.985980219894643,S,20000,Morning,22Mar2016
isin10037,Tue 22Mar16 01:38:06.000 pm,96.080375322287836,S,10000,Afternoon,22Mar2016
isin10037,Tue 22Mar16 03:38:04.000 pm,96.532764664404766,S,10000,Afternoon,22Mar2016
isin10037,Wed 23Mar16 10:52:53.000 am,93.200582056497183,S,100000,Morning,23Mar2016
isin10037,Wed 23Mar16 01:10:09.000 pm,94.771378383292088,S,10000,Afternoon,23Mar2016
isin10037,Wed 23Mar16 01:25:22.000 pm,93.203723649150774,S,30000,Afternoon,23Mar2016
isin10037,Wed 23Mar16 01:25:25.000 pm,93.203723649150774,S,30000,Afternoon,23Mar2016
isin10037,Wed 23Mar16 03:07:00.000 pm,95.29497715889039,S,30000,Afternoon,23Mar2016
isin10037,Thu 17Mar16 09:45:06.000 am,92.284284199200172,B,30000,Morning,17Mar2016
isin10037,Thu 17Mar16 11:58:17.000 am,93.062351979739233,B,70000,Morning,17Mar2016
isin10037,Thu 17Mar16 12:05:27.000 pm,93.062351979739233,B,70000,Afternoon,17Mar2016
isin10037,Thu 17Mar16 01:18:42.000 pm,93.95980028111471,S,10000,Afternoon,17Mar2016
isin10037,Thu 17Mar16 01:18:49.000 pm,93.95980028111471,S,10000,Afternoon,17Mar2016
isin10037,Thu 17Mar16 01:48:04.000 pm,93.619461076975838,S,10000,Afternoon,17Mar2016
isin10037,Thu 17Mar16 01:48:04.000 pm,93.619461076975838,S,10000,Afternoon,17Mar2016
isin10037,Thu 17Mar16 01:51:04.000 pm,95.108994873797869,S,20000,Afternoon,17Mar2016
isin10037,Thu 17Mar16 02:46:30.000 pm,95.399696914010036,S,10000,Afternoon,17Mar2016
isin10037,Thu 17Mar16 02:49:55.000 pm,92.631953786197428,B,630000,Afternoon,17Mar2016
isin10037,Thu 17Mar16 02:50:47.000 pm,92.969151397682737,B,20000,Afternoon,17Mar2016
isin10037,Thu 17Mar16 02:51:32.000 pm,94.457219117933107,S,50000,Afternoon,17Mar2016
isin10037,Thu 17Mar16 03:00:03.000 pm,92.969151397682737,B,20000,Afternoon,17Mar2016
isin10037,Thu 17Mar16 03:04:17.000 pm,94.771378383292088,S,30000,Afternoon,17Mar2016
isin10037,Thu 17Mar16 03:09:46.000 pm,95.399696914010036,S,10000,Afternoon,17Mar2016
isin10037,Thu 17Mar16 03:13:14.000 pm,95.726946148758969,S,50000,Afternoon,17Mar2016
isin10037,Thu 17Mar16 03:20:00.000 pm,94.247779607693786,S,10000,Afternoon,17Mar2016
isin10037,Thu 17Mar16 03:48:14.000 pm,94.457219117933107,S,60000,Afternoon,17Mar2016
isin10037,Thu 17Mar16 03:50:20.000 pm,94.457219117933107,S,30000,Afternoon,17Mar2016
isin10037,Thu 17Mar16 04:27:41.000 pm,96.132735199847659,S,20000,Afternoon,17Mar2016
isin10037,Thu 17Mar16 04:29:12.000 pm,96.132735199847659,S,10000,Afternoon,17Mar2016
isin10037,Thu 17Mar16 04:34:43.000 pm,94.50957899549293,S,30000,Afternoon,17Mar2016
isin10037,Mon 28Mar16 10:52:42.000 am,95.29497715889039,S,20000,Morning,28Mar2016
isin10037,Mon 28Mar16 11:09:37.000 am,93.886601172286092,B,30000,Morning,28Mar2016
isin10037,Mon 28Mar16 11:12:57.000 am,96.080375322287836,S,30000,Morning,28Mar2016
isin10037,Mon 28Mar16 11:35:00.000 am,93.886601172286092,B,30000,Morning,28Mar2016
isin10037,Mon 28Mar16 11:57:33.000 am,93.724180832095485,S,5000,Morning,28Mar2016
isin10037,Mon 28Mar16 11:58:34.000 am,93.724180832095485,S,5000,Morning,28Mar2016
isin10037,Mon 28Mar16 12:00:23.000 pm,93.122042240157441,B,210000,Afternoon,28Mar2016
isin10037,Mon 28Mar16 12:00:31.000 pm,93.122042240157441,B,210000,Afternoon,28Mar2016
isin10037,Mon 28Mar16 01:49:44.000 pm,95.556776546689534,S,30000,Afternoon,28Mar2016
isin10037,Mon 28Mar16 02:14:26.000 pm,96.394534587646802,S,10000,Afternoon,28Mar2016
isin10037,Mon 28Mar16 02:32:22.000 pm,95.666732289565175,S,20000,Afternoon,28Mar2016
isin10037,Mon 28Mar16 02:33:23.000 pm,95.693959425896281,S,10000,Afternoon,28Mar2016
isin10037,Mon 28Mar16 02:38:09.000 pm,96.140065582706043,S,20000,Afternoon,28Mar2016
isin10037,Mon 28Mar16 02:42:10.000 pm,95.484519915656961,S,20000,Afternoon,28Mar2016
isin10037,Mon 28Mar16 02:44:23.000 pm,95.170360650297994,S,10000,Afternoon,28Mar2016
isin10037,Mon 28Mar16 02:46:37.000 pm,95.493944693617735,S,5000,Afternoon,28Mar2016
isin10037,Mon 28Mar16 02:47:52.000 pm,95.538974188319202,S,30000,Afternoon,28Mar2016
isin10037,Mon 28Mar16 02:51:06.000 pm,95.511747051988067,S,10000,Afternoon,28Mar2016
isin10037,Mon 28Mar16 03:15:47.000 pm,90.844387566304846,B,90000,Afternoon,28Mar2016
isin10037,Mon 28Mar16 03:16:33.000 pm,90.844387566304846,B,170000,Afternoon,28Mar2016
isin10037,Mon 28Mar16 03:31:40.000 pm,96.085611310043817,S,10000,Afternoon,28Mar2016
isin10037,Thu 24Mar16 11:03:52.000 am,95.617514004658943,S,10000,Morning,24Mar2016
isin10037,Thu 24Mar16 11:11:35.000 am,91.891585117501435,B,100000,Morning,24Mar2016
isin10037,Thu 24Mar16 11:11:55.000 am,91.891585117501435,B,30000,Morning,24Mar2016
isin10037,Thu 24Mar16 11:57:29.000 am,93.454003863886768,S,20000,Morning,24Mar2016
isin10037,Thu 24Mar16 11:57:33.000 am,93.454003863886768,S,20000,Morning,24Mar2016
isin10037,Thu 24Mar16 12:48:06.000 pm,95.425876852789955,S,150000,Afternoon,24Mar2016
isin10037,Thu 24Mar16 12:54:09.000 pm,93.454003863886768,S,20000,Afternoon,24Mar2016
isin10037,Thu 24Mar16 12:54:13.000 pm,93.454003863886768,S,20000,Afternoon,24Mar2016
isin10037,Thu 24Mar16 01:38:49.000 pm,93.454003863886768,S,20000,Afternoon,24Mar2016
isin10037,Thu 24Mar16 01:38:49.000 pm,93.454003863886768,S,20000,Afternoon,24Mar2016
isin10037,Thu 24Mar16 02:01:55.000 pm,94.770330138543329,S,30000,Afternoon,24Mar2016
isin10037,Thu 24Mar16 02:30:32.000 pm,93.353472898971887,S,10000,Afternoon,24Mar2016
isin10037,Thu 24Mar16 02:30:32.000 pm,93.353472898971887,S,10000,Afternoon,24Mar2016
isin10037,Thu 24Mar16 02:58:43.000 pm,95.755744081416879,S,40000,Afternoon,24Mar2016
isin10037,Thu 24Mar16 04:02:10.000 pm,93.899062823145314,S,20000,Afternoon,24Mar2016
isin10037,Thu 24Mar16 04:02:11.000 pm,93.899062823145314,S,20000,Afternoon,24Mar2016
isin10037,Thu 24Mar16 04:26:09.000 pm,93.287499453246511,S,10000,Afternoon,24Mar2016
isin10037,Thu 24Mar16 04:26:10.000 pm,93.287499453246511,S,10000,Afternoon,24Mar2016
isin10037,Fri 25Mar16 09:47:01.000 am,95.687676240589113,S,50000,Morning,25Mar2016
isin10037,Fri 25Mar16 10:18:19.000 am,93.510552531651385,S,260000,Morning,25Mar2016
isin10037,Fri 25Mar16 11:03:04.000 am,93.410021566736518,S,10000,Morning,25Mar2016
isin10037,Fri 25Mar16 11:03:04.000 am,93.410021566736518,S,10000,Morning,25Mar2016
isin10037,Fri 25Mar16 11:14:33.000 am,93.514741321856164,S,20000,Morning,25Mar2016
isin10037,Fri 25Mar16 11:14:33.000 am,93.514741321856164,S,20000,Morning,25Mar2016
isin10037,Fri 25Mar16 11:32:35.000 am,96.085611310043817,S,30000,Morning,25Mar2016
isin10037,Fri 25Mar16 11:37:11.000 am,93.703236881071561,S,100000,Morning,25Mar2016
isin10037,Fri 25Mar16 11:37:14.000 am,93.703236881071561,S,100000,Morning,25Mar2016
isin10037,Fri 25Mar16 12:19:31.000 pm,95.556776546689534,S,130000,Afternoon,25Mar2016
isin10037,Fri 25Mar16 01:16:03.000 pm,95.29497715889039,S,10000,Afternoon,25Mar2016
isin10037,Tue 29Mar16 02:30:34.000 pm,92.153384505300593,B,150000,Afternoon,29Mar2016
isin10037,Tue 29Mar16 02:30:56.000 pm,92.153384505300593,B,220000,Afternoon,29Mar2016
isin10037,Tue 29Mar16 02:31:25.000 pm,92.153384505300593,B,60000,Afternoon,29Mar2016
isin10037,Fri 25Mar16 02:41:56.000 pm,95.391108846892678,S,120000,Afternoon,25Mar2016
isin10037,Fri 25Mar16 03:06:09.000 pm,95.830095107551841,S,20000,Afternoon,25Mar2016
isin10037,Fri 25Mar16 03:50:21.000 pm,95.035272166193622,S,10000,Afternoon,25Mar2016
isin10037,Mon 21Mar16 08:39:27.000 am,93.892779637838146,S,20000,Morning,21Mar2016
isin10037,Mon 21Mar16 10:38:20.000 am,93.925242761925233,S,80000,Morning,21Mar2016
isin10037,Mon 21Mar16 10:38:23.000 am,93.925242761925233,S,80000,Morning,21Mar2016
isin10037,Mon 21Mar16 10:41:55.000 am,95.791348798157571,S,20000,Morning,21Mar2016
isin10037,Mon 21Mar16 10:46:58.000 am,96.729637804029721,S,20000,Morning,21Mar2016
isin10037,Mon 21Mar16 10:47:43.000 am,96.729637804029721,S,20000,Morning,21Mar2016
isin10037,Mon 21Mar16 12:14:13.000 pm,95.033177771091232,S,20000,Afternoon,21Mar2016
isin10037,Mon 21Mar16 12:43:53.000 pm,93.477042210013082,B,50000,Afternoon,21Mar2016
isin10037,Mon 21Mar16 01:00:48.000 pm,95.773546439787225,S,30000,Afternoon,21Mar2016
isin10037,Mon 21Mar16 01:40:25.000 pm,91.697094352305456,B,170000,Afternoon,21Mar2016
isin10037,Mon 21Mar16 01:48:46.000 pm,93.601658718605478,S,40000,Afternoon,21Mar2016
isin10037,Mon 21Mar16 02:00:04.000 pm,93.200582056497183,B,40000,Afternoon,21Mar2016
isin10037,Mon 21Mar16 02:44:17.000 pm,94.735878386306524,S,50000,Afternoon,21Mar2016
isin10037,Mon 21Mar16 03:15:21.000 pm,96.420714526426735,S,10000,Afternoon,21Mar2016
isin10037,Mon 21Mar16 03:58:43.000 pm,96.374637834174081,S,10000,Afternoon,21Mar2016
isin10037,Mon 21Mar16 04:59:32.000 pm,95.29497715889039,S,30000,Afternoon,21Mar2016
isin10037,Wed 30Mar16 08:00:44.000 am,91.930331426895719,S,10000,Morning,30Mar2016
isin10037,Wed 30Mar16 08:00:52.000 am,92.197366802450844,S,10000,Morning,30Mar2016
isin10037,Wed 30Mar16 08:00:54.000 am,92.197366802450844,S,10000,Morning,30Mar2016
isin10037,Wed 30Mar16 09:53:26.000 am,91.58056744479606,B,60000,Morning,30Mar2016
isin10037,Wed 30Mar16 10:21:21.000 am,94.490729439571396,S,30000,Morning,30Mar2016
isin10037,Wed 30Mar16 10:25:33.000 am,94.771378383292088,S,10000,Morning,30Mar2016
isin10037,Wed 30Mar16 10:51:31.000 am,93.549298841045655,S,20000,Morning,30Mar2016
isin10037,Wed 30Mar16 11:29:02.000 am,90.884181073250318,B,30000,Morning,30Mar2016
isin10037,Wed 30Mar16 03:32:58.000 pm,92.658133724977347,S,20000,Afternoon,30Mar2016
isin10037,Wed 30Mar16 03:33:08.000 pm,92.658133724977347,S,20000,Afternoon,30Mar2016
isin10037,Wed 30Mar16 03:48:50.000 pm,95.29497715889039,S,30000,Afternoon,30Mar2016
isin10037,Wed 30Mar16 03:49:42.000 pm,91.629785729702292,B,30000,Afternoon,30Mar2016
isin10037,Fri 18Mar16 08:49:51.000 am,94.614298750612591,S,50000,Morning,18Mar2016
isin10037,Fri 18Mar16 12:23:40.000 pm,96.61968206115408,S,10000,Afternoon,18Mar2016
isin10037,Fri 18Mar16 01:09:18.000 pm,93.800626253332837,S,10000,Afternoon,18Mar2016
isin10037,Fri 18Mar16 01:09:18.000 pm,93.800626253332837,S,10000,Afternoon,18Mar2016
isin10037,Fri 18Mar16 02:44:09.000 pm,93.514741321856164,S,10000,Afternoon,18Mar2016
isin10037,Fri 18Mar16 02:44:10.000 pm,93.514741321856164,S,10000,Afternoon,18Mar2016
isin10037,Fri 18Mar16 03:40:29.000 pm,92.153384505300593,B,30000,Afternoon,18Mar2016
isin10037,Fri 18Mar16 03:52:07.000 pm,95.033177771091232,S,10000,Afternoon,18Mar2016
isin10037,Fri 18Mar16 03:55:15.000 pm,93.567101199415987,S,50000,Afternoon,18Mar2016
isin10037,Fri 18Mar16 03:57:24.000 pm,93.567101199415987,S,50000,Afternoon,18Mar2016
isin10037,Fri 18Mar16 04:29:30.000 pm,92.153384505300593,B,30000,Afternoon,18Mar2016
isin10037,Fri 18Mar16 04:39:59.000 pm,93.034077645856925,B,30000,Afternoon,18Mar2016
isin10037,Wed 16Mar16 08:42:13.000 am,93.31367939202643,S,10000,Morning,16Mar2016
isin10037,Wed 16Mar16 08:42:13.000 am,93.31367939202643,S,10000,Morning,16Mar2016
isin10037,Wed 16Mar16 09:27:40.000 am,92.296850569814524,B,260000,Morning,16Mar2016
isin10037,Wed 16Mar16 09:47:55.000 am,93.256083526710611,S,10000,Morning,16Mar2016
isin10037,Wed 16Mar16 09:47:55.000 am,93.256083526710611,S,10000,Morning,16Mar2016
isin10037,Wed 16Mar16 10:13:35.000 am,91.629785729702292,B,20000,Morning,16Mar2016
isin10037,Wed 16Mar16 10:13:39.000 am,91.629785729702292,B,10000,Morning,16Mar2016
isin10037,Wed 16Mar16 10:39:40.000 am,95.084490451099882,S,30000,Morning,16Mar2016
isin10037,Wed 16Mar16 10:52:40.000 am,93.200582056497183,S,60000,Morning,16Mar2016
isin10037,Wed 16Mar16 10:57:31.000 am,95.093915229060642,S,10000,Morning,16Mar2016
isin10037,Wed 16Mar16 10:58:22.000 am,95.216437342550634,S,10000,Morning,16Mar2016
isin10037,Wed 16Mar16 10:59:54.000 am,93.200582056497183,S,60000,Morning,16Mar2016
isin10037,Wed 16Mar16 11:45:01.000 am,95.571437312406289,S,50000,Morning,16Mar2016
isin10037,Wed 16Mar16 12:09:24.000 pm,95.569342917303899,S,10000,Afternoon,16Mar2016
isin10037,Wed 16Mar16 12:32:22.000 pm,93.673915349638051,S,30000,Afternoon,16Mar2016
isin10037,Wed 16Mar16 12:32:24.000 pm,93.673915349638051,S,30000,Afternoon,16Mar2016
isin10037,Wed 16Mar16 01:04:12.000 pm,91.629785729702292,B,50000,Afternoon,16Mar2016
isin10037,Wed 16Mar16 01:07:22.000 pm,95.283457985827226,S,10000,Afternoon,16Mar2016
isin10037,Wed 16Mar16 02:55:36.000 pm,93.093453747009775,B,100000,Afternoon,16Mar2016
isin10037,Wed 16Mar16 02:55:51.000 pm,93.093453747009775,B,100000,Afternoon,16Mar2016
isin10037,Tue 12Apr16 09:52:59.000 am,93.724180832095485,B,30000,Morning,12Apr2016
isin10037,Tue 12Apr16 10:02:24.000 am,97.232292628604085,S,20000,Morning,12Apr2016
isin10037,Tue 12Apr16 10:32:09.000 am,97.834431220542129,S,60000,Morning,12Apr2016
isin10037,Tue 12Apr16 10:57:59.000 am,93.724180832095485,B,30000,Morning,12Apr2016
isin10037,Tue 12Apr16 11:02:32.000 am,93.462381444296341,B,20000,Morning,12Apr2016
isin10037,Tue 12Apr16 11:39:45.000 am,93.724180832095485,B,30000,Morning,12Apr2016
isin10037,Tue 12Apr16 11:46:37.000 am,96.2112750161874,S,10000,Morning,12Apr2016
isin10037,Tue 12Apr16 11:46:41.000 am,96.2112750161874,S,10000,Morning,12Apr2016
isin10037,Tue 12Apr16 12:03:33.000 pm,96.006024296152873,S,10000,Afternoon,12Apr2016
isin10037,Tue 12Apr16 01:18:09.000 pm,93.462381444296341,B,50000,Afternoon,12Apr2016
isin10037,Tue 12Apr16 01:34:14.000 pm,95.137897526210892,S,10000,Afternoon,12Apr2016
isin10037,Tue 12Apr16 01:34:17.000 pm,95.137897526210892,S,10000,Afternoon,12Apr2016
isin10037,Tue 12Apr16 01:51:54.000 pm,99.059652355442154,S,10000,Afternoon,12Apr2016
isin10037,Tue  5Apr16 11:51:45.000 am,92.938782668698039,B,420000,Morning, 5Apr2016
isin10037,Tue  5Apr16 11:51:49.000 am,92.938782668698039,B,420000,Morning, 5Apr2016
isin10037,Tue  5Apr16 12:11:22.000 pm,96.603974097886137,S,30000,Afternoon, 5Apr2016
isin10037,Tue  5Apr16 12:14:04.000 pm,95.517882582440535,S,10000,Afternoon, 5Apr2016
isin10037,Tue  5Apr16 12:38:08.000 pm,92.153384505300593,B,5000,Afternoon, 5Apr2016
isin10037,Tue  5Apr16 12:38:09.000 pm,92.153384505300593,B,5000,Afternoon, 5Apr2016
isin10037,Tue  5Apr16 12:50:29.000 pm,96.79246965710152,S,30000,Afternoon, 5Apr2016
isin10037,Tue  5Apr16 01:03:37.000 pm,97.258472567384004,S,40000,Afternoon, 5Apr2016
isin10037,Tue  5Apr16 01:43:35.000 pm,94.404859240373284,S,10000,Afternoon, 5Apr2016
isin10037,Tue  5Apr16 01:43:37.000 pm,94.404859240373284,S,10000,Afternoon, 5Apr2016
isin10037,Tue  5Apr16 02:12:53.000 pm,96.032204234932777,S,10000,Afternoon, 5Apr2016
isin10037,Tue  5Apr16 03:49:42.000 pm,96.603974097886137,S,20000,Afternoon, 5Apr2016
isin10037,Tue  5Apr16 04:54:35.000 pm,96.865773485685281,S,20000,Afternoon, 5Apr2016
isin10037,Tue  7Jun16 08:59:40.000 am,101.13100911170902,B,80000,Morning, 7Jun2016
isin10037,Tue  7Jun16 08:59:40.000 am,101.13100911170902,B,80000,Morning, 7Jun2016
isin10037,Tue  7Jun16 09:59:48.000 am,100.79381150022373,B,80000,Morning, 7Jun2016
isin10037,Tue  7Jun16 10:28:28.000 am,102.75521251361494,S,10000,Morning, 7Jun2016
isin10037,Tue  7Jun16 10:51:39.000 am,102.19496182372477,S,370000,Morning, 7Jun2016
isin10037,Tue  7Jun16 10:52:11.000 am,102.19496182372477,S,370000,Morning, 7Jun2016
isin10037,Tue  7Jun16 11:12:49.000 am,101.62214476322023,B,100000,Morning, 7Jun2016
isin10037,Tue  7Jun16 11:15:46.000 am,101.62214476322023,B,100000,Morning, 7Jun2016
isin10037,Tue  7Jun16 11:48:38.000 am,102.07453410533716,S,30000,Morning, 7Jun2016
isin10037,Tue  7Jun16 11:48:45.000 am,102.07453410533716,S,30000,Morning, 7Jun2016
isin10037,Thu  9Jun16 11:25:26.000 am,103.98671683382214,S,30000,Morning, 9Jun2016
isin10037,Tue  7Jun16 11:59:46.000 am,101.94468160898877,S,10000,Morning, 7Jun2016
isin10037,Tue  7Jun16 11:59:46.000 am,101.94468160898877,S,10000,Morning, 7Jun2016
isin10037,Tue  7Jun16 12:22:39.000 pm,100.37388528219388,B,20000,Afternoon, 7Jun2016
isin10037,Tue  7Jun16 12:45:48.000 pm,104.54382593105873,S,30000,Afternoon, 7Jun2016
isin10037,Tue  7Jun16 12:46:09.000 pm,104.54382593105873,S,20000,Afternoon, 7Jun2016
isin10037,Tue  7Jun16 01:40:01.000 pm,101.66403266526808,S,10000,Afternoon, 7Jun2016
isin10037,Tue  7Jun16 01:40:09.000 pm,101.66403266526808,S,10000,Afternoon, 7Jun2016
isin10037,Tue  7Jun16 01:48:12.000 pm,100.9236639965721,B,10000,Afternoon, 7Jun2016
isin10037,Tue  7Jun16 02:35:43.000 pm,101.27447517622295,S,10000,Afternoon, 7Jun2016
isin10037,Tue  7Jun16 02:35:51.000 pm,101.27447517622295,S,10000,Afternoon, 7Jun2016
isin10037,Tue  7Jun16 03:00:05.000 pm,103.49453398475974,S,80000,Afternoon, 7Jun2016
isin10037,Tue  7Jun16 03:00:14.000 pm,103.49453398475974,S,20000,Afternoon, 7Jun2016
isin10037,Tue  7Jun16 04:08:20.000 pm,104.06525665016188,S,10000,Afternoon, 7Jun2016
isin10037,Tue  7Jun16 04:08:29.000 pm,104.06525665016188,S,10000,Afternoon, 7Jun2016
isin10037,Tue  7Jun16 04:08:36.000 pm,104.06525665016188,S,5000,Afternoon, 7Jun2016
isin10037,Tue  7Jun16 04:08:44.000 pm,104.06525665016188,S,10000,Afternoon, 7Jun2016
isin10037,Mon 23May16 08:02:21.000 am,100.11208589439472,S,10000,Morning,23May2016
isin10037,Mon 23May16 09:01:33.000 am,99.57277915552848,B,20000,Morning,23May2016
isin10037,Mon 23May16 09:06:44.000 am,99.57277915552848,B,20000,Morning,23May2016
isin10037,Mon 23May16 09:42:42.000 am,99.529844055929416,B,30000,Morning,23May2016
isin10037,Mon 23May16 09:42:42.000 am,99.529844055929416,B,30000,Morning,23May2016
isin10037,Mon 23May16 10:06:58.000 am,101.07655483904681,S,10000,Morning,23May2016
isin10037,Mon 23May16 10:15:58.000 am,100.00736613927508,S,50000,Morning,23May2016
isin10037,Mon 23May16 10:16:40.000 am,100.00736613927508,S,30000,Morning,23May2016
isin10037,Mon 23May16 10:16:52.000 am,100.00736613927508,S,30000,Morning,23May2016
isin10037,Mon 23May16 10:32:12.000 am,101.07655483904681,S,10000,Morning,23May2016
isin10037,Mon 23May16 10:32:13.000 am,101.91431288000408,S,10000,Morning,23May2016
isin10037,Mon 23May16 10:32:38.000 am,101.05665808557406,S,10000,Morning,23May2016
isin10037,Mon 23May16 10:32:54.000 am,101.05665808557406,S,10000,Morning,23May2016
isin10037,Mon 23May16 10:32:56.000 am,101.89441612653135,S,10000,Morning,23May2016
isin10037,Mon 23May16 11:17:07.000 am,100.523634532015,S,30000,Morning,23May2016
isin10037,Mon 23May16 11:21:18.000 am,99.483767363676776,S,10000,Morning,23May2016
isin10037,Mon 23May16 11:22:22.000 am,99.483767363676776,S,10000,Morning,23May2016
isin10037,Mon 23May16 11:24:05.000 am,99.483767363676776,S,20000,Morning,23May2016
isin10037,Mon 23May16 11:24:52.000 am,99.483767363676776,S,20000,Morning,23May2016
isin10037,Mon 23May16 11:32:55.000 am,100.523634532015,S,30000,Morning,23May2016
isin10037,Mon 23May16 11:33:59.000 am,102.03148904999523,S,30000,Morning,23May2016
isin10037,Mon 23May16 12:18:16.000 pm,100.00736613927508,S,10000,Afternoon,23May2016
isin10037,Mon 23May16 12:19:38.000 pm,100.00736613927508,S,10000,Afternoon,23May2016
isin10037,Mon 23May16 12:25:54.000 pm,100.00946053437747,S,10000,Afternoon,23May2016
isin10037,Mon 23May16 12:25:59.000 pm,100.00946053437747,S,10000,Afternoon,23May2016
isin10037,Mon 23May16 01:03:21.000 pm,100.28068470013739,S,10000,Afternoon,23May2016
isin10037,Mon 23May16 01:14:19.000 pm,98.558044728418977,B,10000,Afternoon,23May2016
isin10037,Mon 23May16 01:17:14.000 pm,100.28068470013739,S,10000,Afternoon,23May2016
isin10037,Mon 23May16 01:18:56.000 pm,102.28606801067887,S,10000,Afternoon,23May2016
isin10037,Mon 23May16 01:29:17.000 pm,99.945581483754481,S,20000,Afternoon,23May2016
isin10037,Mon 23May16 01:29:36.000 pm,100.16444577195458,S,50000,Afternoon,23May2016
isin10037,Mon 23May16 01:29:37.000 pm,100.16444577195458,S,50000,Afternoon,23May2016
isin10037,Mon 23May16 02:00:48.000 pm,100.53096491487338,S,30000,Afternoon,23May2016
isin10037,Mon 23May16 02:00:55.000 pm,100.53096491487338,S,30000,Afternoon,23May2016
isin10037,Mon 23May16 02:33:26.000 pm,101.97327010213645,S,20000,Afternoon,23May2016
isin10037,Mon 23May16 02:39:07.000 pm,100.28068470013739,S,30000,Afternoon,23May2016
isin10037,Mon 23May16 02:42:33.000 pm,100.28068470013739,S,30000,Afternoon,23May2016
isin10037,Mon 23May16 02:48:47.000 pm,102.75625971116614,S,40000,Afternoon,23May2016
isin10037,Mon 23May16 03:11:22.000 pm,100.53096491487338,S,30000,Afternoon,23May2016
isin10037,Mon 23May16 03:11:29.000 pm,100.53096491487338,S,30000,Afternoon,23May2016
isin10037,Mon 23May16 03:53:53.000 pm,99.117248220757972,B,50000,Afternoon,23May2016
isin10037,Mon 23May16 03:53:55.000 pm,99.117248220757972,B,50000,Afternoon,23May2016
isin10037,Tue 31May16 08:00:48.000 am,100.94670234269843,S,10000,Morning,31May2016
isin10037,Tue 31May16 08:57:36.000 am,99.573826353079681,B,80000,Morning,31May2016
isin10037,Tue 31May16 10:17:53.000 am,102.36251343191621,S,20000,Morning,31May2016
isin10037,Tue 31May16 10:20:39.000 am,100.033546078055,S,5000,Morning,31May2016
isin10037,Tue 31May16 10:20:39.000 am,100.033546078055,S,5000,Morning,31May2016
isin10037,Tue 31May16 11:08:14.000 am,101.1500681071408,S,160000,Morning,31May2016
isin10037,Tue 31May16 11:09:47.000 am,101.92164326286246,S,30000,Morning,31May2016
isin10037,Tue 31May16 11:40:58.000 am,99.601053489410788,B,30000,Morning,31May2016
isin10037,Tue 31May16 11:42:36.000 am,99.601053489410788,B,30000,Morning,31May2016
isin10037,Tue 31May16 11:43:01.000 am,99.614667057576355,B,20000,Morning,31May2016
isin10037,Tue 31May16 11:43:07.000 am,99.614667057576355,B,20000,Morning,31May2016
isin10037,Tue 31May16 11:43:47.000 am,99.601053489410788,B,30000,Morning,31May2016
isin10037,Tue 31May16 12:06:09.000 pm,100.4628970740456,S,20000,Afternoon,31May2016
isin10037,Tue 31May16 12:06:14.000 pm,100.4628970740456,S,20000,Afternoon,31May2016
isin10037,Tue 31May16 12:16:53.000 pm,102.80861958872597,S,40000,Afternoon,31May2016
isin10037,Tue 31May16 12:17:33.000 pm,102.80861958872597,S,40000,Afternoon,31May2016
isin10037,Tue 31May16 12:17:49.000 pm,102.80861958872597,S,20000,Afternoon,31May2016
isin10037,Tue 31May16 01:34:09.000 pm,102.73322136503981,S,10000,Afternoon,31May2016
isin10037,Tue 31May16 01:54:09.000 pm,100.68804454755286,S,30000,Afternoon,31May2016
isin10037,Tue 31May16 01:54:11.000 pm,100.68804454755286,S,30000,Afternoon,31May2016
isin10037,Tue 31May16 02:02:19.000 pm,103.00758712345332,S,20000,Afternoon,31May2016
isin10037,Tue 31May16 02:37:48.000 pm,103.51547793578366,S,30000,Afternoon,31May2016
isin10037,Tue 31May16 02:54:59.000 pm,103.00758712345332,S,10000,Afternoon,31May2016
isin10037,Tue 31May16 02:59:01.000 pm,100.29115667564935,S,50000,Afternoon,31May2016
isin10037,Tue 31May16 03:00:12.000 pm,100.29115667564935,S,50000,Afternoon,31May2016
isin10037,Tue 31May16 03:29:05.000 pm,100.87549290921704,S,10000,Afternoon,31May2016
isin10037,Tue 31May16 03:31:33.000 pm,100.87549290921704,S,10000,Afternoon,31May2016
isin10037,Tue 31May16 03:34:09.000 pm,100.94984393535202,S,130000,Afternoon,31May2016
isin10037,Tue 31May16 03:34:14.000 pm,100.94984393535202,S,130000,Afternoon,31May2016
isin10037,Tue 31May16 03:45:57.000 pm,100.53096491487338,S,70000,Afternoon,31May2016
isin10037,Tue 31May16 03:46:12.000 pm,100.53096491487338,S,70000,Afternoon,31May2016
isin10037,Tue 31May16 03:48:04.000 pm,100.96974068882474,S,20000,Afternoon,31May2016
isin10037,Tue 31May16 03:48:34.000 pm,100.96974068882474,S,20000,Afternoon,31May2016
isin10037,Tue 31May16 03:51:33.000 pm,100.94670234269843,S,10000,Afternoon,31May2016
isin10037,Tue 31May16 03:51:34.000 pm,100.94670234269843,S,10000,Afternoon,31May2016
isin10037,Tue 31May16 03:58:13.000 pm,100.93518316963525,S,30000,Afternoon,31May2016
isin10037,Tue 31May16 03:58:14.000 pm,100.93518316963525,S,30000,Afternoon,31May2016
isin10037,Tue 31May16 04:07:32.000 pm,100.92680558922568,S,50000,Afternoon,31May2016
isin10037,Tue 31May16 04:07:34.000 pm,100.92680558922568,S,50000,Afternoon,31May2016
isin10037,Tue 31May16 04:13:11.000 pm,100.94984393535202,S,10000,Afternoon,31May2016
isin10037,Tue 31May16 04:13:11.000 pm,100.94984393535202,S,10000,Afternoon,31May2016
isin10037,Mon 16May16 09:47:57.000 am,97.651171649082727,B,60000,Morning,16May2016
isin10037,Mon 16May16 09:47:57.000 am,97.651171649082727,B,10000,Morning,16May2016
isin10037,Mon 16May16 10:24:37.000 am,97.41241060740991,B,80000,Morning,16May2016
isin10037,Mon 16May16 10:51:34.000 am,100.09951952378037,S,30000,Morning,16May2016
isin10037,Mon 16May16 10:51:48.000 am,96.535557540273814,B,50000,Morning,16May2016
isin10037,Mon 16May16 10:54:39.000 am,100.09951952378037,S,30000,Morning,16May2016
isin10037,Mon 16May16 10:57:30.000 am,101.76665802528537,S,20000,Morning,16May2016
isin10037,Mon 16May16 11:26:18.000 am,98.007218816489569,B,30000,Morning,16May2016
isin10037,Mon 16May16 11:26:18.000 am,98.007218816489569,B,30000,Morning,16May2016
isin10037,Mon 16May16 12:12:50.000 pm,99.221967975877632,S,10000,Afternoon,16May2016
isin10037,Mon 16May16 12:12:53.000 pm,99.221967975877632,S,10000,Afternoon,16May2016
isin10037,Mon 16May16 01:12:14.000 pm,98.136024115286745,B,1360000,Afternoon,16May2016
isin10037,Mon 16May16 01:16:13.000 pm,98.136024115286745,B,1360000,Afternoon,16May2016
isin10037,Mon 16May16 01:33:36.000 pm,96.080375322287836,B,20000,Afternoon,16May2016
isin10037,Mon 16May16 01:50:59.000 pm,96.080375322287836,B,50000,Afternoon,16May2016
isin10037,Mon 16May16 02:16:11.000 pm,97.389372261283583,B,10000,Afternoon,16May2016
isin10037,Mon 16May16 02:16:17.000 pm,97.389372261283583,B,10000,Afternoon,16May2016
isin10037,Mon 16May16 02:24:33.000 pm,101.80121554447484,S,20000,Afternoon,16May2016
isin10037,Mon 16May16 03:17:51.000 pm,99.904740779257807,S,20000,Afternoon,16May2016
isin10037,Mon 16May16 03:22:06.000 pm,99.904740779257807,S,20000,Afternoon,16May2016
isin10037,Mon 16May16 03:41:21.000 pm,97.651171649082727,B,20000,Afternoon,16May2016
isin10037,Mon 16May16 03:41:32.000 pm,97.651171649082727,B,40000,Afternoon,16May2016
isin10037,Mon 16May16 03:44:21.000 pm,101.31636307827083,S,10000,Afternoon,16May2016
isin10037,Mon 16May16 03:47:04.000 pm,101.57816246606997,S,30000,Afternoon,16May2016
isin10037,Mon 25Apr16 09:50:04.000 am,100.60426874345713,S,30000,Morning,25Apr2016
isin10037,Tue 26Apr16 10:43:33.000 am,98.520345616575909,B,1260000,Morning,26Apr2016
isin10037,Mon 25Apr16 11:16:37.000 am,98.300434130824627,S,50000,Morning,25Apr2016
isin10037,Mon 25Apr16 11:17:26.000 am,98.300434130824627,S,50000,Morning,25Apr2016
isin10037,Mon 25Apr16 11:49:16.000 am,96.342174710086979,B,10000,Morning,25Apr2016
isin10037,Mon 25Apr16 11:49:35.000 am,96.342174710086979,B,30000,Morning,25Apr2016
isin10037,Mon 25Apr16 11:49:45.000 am,96.342174710086979,B,30000,Morning,25Apr2016
isin10037,Mon 25Apr16 11:50:06.000 am,96.342174710086979,B,20000,Morning,25Apr2016
isin10037,Mon 25Apr16 11:54:06.000 am,100.40948999893456,S,10000,Morning,25Apr2016
isin10037,Mon 25Apr16 12:05:57.000 pm,96.342174710086979,B,20000,Afternoon,25Apr2016
isin10037,Mon 25Apr16 12:10:45.000 pm,100.40948999893456,S,10000,Afternoon,25Apr2016
isin10037,Mon 25Apr16 01:04:50.000 pm,96.342174710086979,B,20000,Afternoon,25Apr2016
isin10037,Mon 25Apr16 01:28:50.000 pm,98.372690761857172,S,50000,Afternoon,25Apr2016
isin10037,Mon 25Apr16 01:31:43.000 pm,98.372690761857172,S,50000,Afternoon,25Apr2016
isin10037,Mon 25Apr16 01:50:20.000 pm,98.372690761857172,S,30000,Afternoon,25Apr2016
isin10037,Mon 25Apr16 01:53:54.000 pm,98.372690761857172,S,30000,Afternoon,25Apr2016
isin10037,Mon 25Apr16 01:59:01.000 pm,96.342174710086979,B,10000,Afternoon,25Apr2016
isin10037,Mon 25Apr16 02:27:20.000 pm,101.05456369047167,S,130000,Afternoon,25Apr2016
isin10037,Mon 25Apr16 02:46:31.000 pm,98.372690761857172,S,50000,Afternoon,25Apr2016
isin10037,Mon 25Apr16 02:51:06.000 pm,98.372690761857172,S,50000,Afternoon,25Apr2016
isin10037,Mon 25Apr16 03:10:34.000 pm,101.05456369047167,S,1170000,Afternoon,25Apr2016
isin10037,Mon 25Apr16 03:22:54.000 pm,96.394534587646802,B,240000,Afternoon,25Apr2016
isin10037,Mon 25Apr16 03:22:55.000 pm,99.043944392174197,S,50000,Afternoon,25Apr2016
isin10037,Mon 25Apr16 03:24:48.000 pm,99.043944392174197,S,50000,Afternoon,25Apr2016
isin10037,Mon 25Apr16 03:47:00.000 pm,99.221967975877632,S,40000,Afternoon,25Apr2016
isin10037,Mon 25Apr16 03:49:48.000 pm,100.72993244960072,S,10000,Afternoon,25Apr2016
isin10037,Mon 25Apr16 03:53:28.000 pm,99.221967975877632,S,40000,Afternoon,25Apr2016
isin10037,Mon 25Apr16 03:59:18.000 pm,99.483767363676776,S,20000,Afternoon,25Apr2016
isin10037,Mon 25Apr16 04:03:49.000 pm,99.483767363676776,S,20000,Afternoon,25Apr2016
isin10037,Mon 25Apr16 05:12:02.000 pm,96.342174710086979,B,10000,Afternoon,25Apr2016
isin10037,Wed  8Jun16 09:50:07.000 am,101.05456369047167,B,40000,Morning, 8Jun2016
isin10037,Wed  8Jun16 09:50:07.000 am,101.05456369047167,B,40000,Morning, 8Jun2016
isin10037,Wed  8Jun16 10:02:18.000 am,100.90795603330415,B,10000,Morning, 8Jun2016
isin10037,Wed  8Jun16 10:02:29.000 am,100.90795603330415,B,10000,Morning, 8Jun2016
isin10037,Wed  8Jun16 10:02:30.000 am,100.90795603330415,B,10000,Morning, 8Jun2016
isin10037,Wed  8Jun16 10:03:02.000 am,103.56783781334352,S,20000,Morning, 8Jun2016
isin10037,Wed  8Jun16 10:21:12.000 am,101.99704148654861,S,30000,Morning, 8Jun2016
isin10037,Wed  8Jun16 10:23:12.000 am,101.99704148654861,S,30000,Morning, 8Jun2016
isin10037,Wed  8Jun16 11:23:56.000 am,103.94901772197906,S,20000,Morning, 8Jun2016
isin10037,Wed  8Jun16 11:34:43.000 am,101.73524209874947,S,10000,Morning, 8Jun2016
isin10037,Wed  8Jun16 11:34:53.000 am,101.73524209874947,S,10000,Morning, 8Jun2016
isin10037,Wed  8Jun16 11:50:44.000 am,101.22944568152151,B,50000,Morning, 8Jun2016
isin10037,Wed  8Jun16 11:50:44.000 am,101.22944568152151,B,50000,Morning, 8Jun2016
isin10037,Wed  8Jun16 11:50:53.000 am,104.31448966734668,S,160000,Morning, 8Jun2016
isin10037,Wed  8Jun16 12:01:04.000 pm,104.20976991222703,S,80000,Afternoon, 8Jun2016
isin10037,Wed  8Jun16 12:21:19.000 pm,102.21946624642275,S,10000,Afternoon, 8Jun2016
isin10037,Wed  8Jun16 12:22:45.000 pm,102.21946624642275,S,10000,Afternoon, 8Jun2016
isin10037,Wed  8Jun16 12:42:55.000 pm,101.33730702929475,B,30000,Afternoon, 8Jun2016
isin10037,Wed  8Jun16 12:42:56.000 pm,101.33730702929475,B,30000,Afternoon, 8Jun2016
isin10037,Wed  8Jun16 01:32:01.000 pm,104.20034513426626,S,20000,Afternoon, 8Jun2016
isin10037,Wed  8Jun16 01:49:14.000 pm,102.49069041218267,S,10000,Afternoon, 8Jun2016
isin10037,Wed  8Jun16 01:49:14.000 pm,102.49069041218267,S,10000,Afternoon, 8Jun2016
isin10037,Wed  8Jun16 01:53:09.000 pm,104.13018289833607,S,30000,Afternoon, 8Jun2016
isin10037,Wed  8Jun16 02:02:10.000 pm,101.63575833138579,B,60000,Afternoon, 8Jun2016
isin10037,Wed  8Jun16 02:02:12.000 pm,101.63575833138579,B,60000,Afternoon, 8Jun2016
isin10037,Wed  8Jun16 03:24:53.000 pm,105.49363410999405,S,30000,Afternoon, 8Jun2016
isin10037,Wed  8Jun16 03:25:08.000 pm,104.20976991222703,S,30000,Afternoon, 8Jun2016
isin10037,Wed  8Jun16 04:00:42.000 pm,100.26916552707422,B,50000,Afternoon, 8Jun2016
isin10037,Mon  2May16 09:41:19.000 am,98.475316121874457,S,10000,Morning, 2May2016
isin10037,Mon  2May16 09:59:55.000 am,96.865773485685281,B,30000,Morning, 2May2016
isin10037,Mon  2May16 11:27:32.000 am,98.818796918666933,S,10000,Morning, 2May2016
isin10037,Mon  2May16 11:27:32.000 am,98.818796918666933,S,10000,Morning, 2May2016
isin10037,Mon  2May16 11:31:58.000 am,99.080596306466077,S,10000,Morning, 2May2016
isin10037,Mon  2May16 11:34:20.000 am,100.70375251082082,S,20000,Morning, 2May2016
isin10037,Mon  2May16 11:48:06.000 am,100.9875430471951,S,40000,Morning, 2May2016
isin10037,Mon  2May16 12:09:13.000 pm,98.817749721115746,S,100000,Afternoon, 2May2016
isin10037,Mon  2May16 12:09:14.000 pm,98.817749721115746,S,100000,Afternoon, 2May2016
isin10037,Mon  2May16 12:09:36.000 pm,98.902153843742184,S,90000,Afternoon, 2May2016
isin10037,Mon  2May16 12:11:03.000 pm,98.902153843742184,S,90000,Afternoon, 2May2016
isin10037,Mon  2May16 12:16:58.000 pm,96.865773485685281,B,20000,Afternoon, 2May2016
isin10037,Mon  2May16 12:38:19.000 pm,100.0597260168349,S,50000,Afternoon, 2May2016
isin10037,Mon  2May16 12:38:46.000 pm,100.0597260168349,S,50000,Afternoon, 2May2016
isin10037,Mon  2May16 12:39:24.000 pm,100.0597260168349,S,50000,Afternoon, 2May2016
isin10037,Mon  2May16 12:40:05.000 pm,100.0597260168349,S,50000,Afternoon, 2May2016
isin10037,Mon  2May16 12:41:02.000 pm,100.0597260168349,S,20000,Afternoon, 2May2016
isin10037,Mon  2May16 12:48:12.000 pm,101.83996185386911,S,10000,Afternoon, 2May2016
isin10037,Mon  2May16 01:32:18.000 pm,99.063841145646947,S,20000,Afternoon, 2May2016
isin10037,Mon  2May16 01:33:25.000 pm,99.063841145646947,S,20000,Afternoon, 2May2016
isin10037,Mon  2May16 01:34:56.000 pm,99.163324913010612,S,50000,Afternoon, 2May2016
isin10037,Mon  2May16 01:35:01.000 pm,99.163324913010612,S,50000,Afternoon, 2May2016
isin10037,Mon  2May16 01:36:51.000 pm,101.76665802528537,S,30000,Afternoon, 2May2016
isin10037,Mon  2May16 01:38:07.000 pm,101.76665802528537,S,30000,Afternoon, 2May2016
isin10037,Mon  2May16 01:47:37.000 pm,96.865773485685281,B,10000,Afternoon, 2May2016
isin10037,Mon  2May16 01:47:47.000 pm,96.865773485685281,B,20000,Afternoon, 2May2016
isin10037,Mon  2May16 01:47:52.000 pm,96.865773485685281,B,10000,Afternoon, 2May2016
isin10037,Mon  2May16 01:47:58.000 pm,96.865773485685281,B,10000,Afternoon, 2May2016
isin10037,Mon  2May16 01:47:58.000 pm,96.865773485685281,B,10000,Afternoon, 2May2016
isin10037,Mon  2May16 01:48:07.000 pm,96.865773485685281,B,10000,Afternoon, 2May2016
isin10037,Mon  2May16 01:48:14.000 pm,96.865773485685281,B,40000,Afternoon, 2May2016
isin10037,Mon  2May16 01:48:29.000 pm,96.603974097886137,B,40000,Afternoon, 2May2016
isin10037,Mon  2May16 01:49:04.000 pm,96.865773485685281,B,10000,Afternoon, 2May2016
isin10037,Mon  2May16 01:51:02.000 pm,96.865773485685281,B,20000,Afternoon, 2May2016
isin10037,Mon  2May16 01:51:02.000 pm,96.865773485685281,B,10000,Afternoon, 2May2016
isin10037,Mon  2May16 01:51:08.000 pm,96.865773485685281,B,10000,Afternoon, 2May2016
isin10037,Mon  2May16 01:51:17.000 pm,96.865773485685281,B,20000,Afternoon, 2May2016
isin10037,Mon  2May16 01:52:50.000 pm,96.865773485685281,B,10000,Afternoon, 2May2016
isin10037,Mon  2May16 02:05:29.000 pm,96.865773485685281,B,40000,Afternoon, 2May2016
isin10037,Mon  2May16 02:11:42.000 pm,96.865773485685281,B,60000,Afternoon, 2May2016
isin10037,Mon  2May16 02:11:42.000 pm,96.865773485685281,B,30000,Afternoon, 2May2016
isin10037,Mon  2May16 02:20:39.000 pm,96.865773485685281,B,20000,Afternoon, 2May2016
isin10037,Mon  2May16 02:26:39.000 pm,96.865773485685281,B,20000,Afternoon, 2May2016
isin10037,Mon  2May16 02:33:28.000 pm,96.865773485685281,B,30000,Afternoon, 2May2016
isin10037,Mon  2May16 02:43:49.000 pm,98.766437041107096,B,10000,Afternoon, 2May2016
isin10037,Mon  2May16 02:43:53.000 pm,98.69836920027933,B,10000,Afternoon, 2May2016
isin10037,Mon  2May16 02:45:36.000 pm,96.865773485685281,B,10000,Afternoon, 2May2016
isin10037,Mon  2May16 02:51:23.000 pm,96.865773485685281,B,30000,Afternoon, 2May2016
isin10037,Mon  2May16 02:56:17.000 pm,101.63052234362979,S,40000,Afternoon, 2May2016
isin10037,Mon  2May16 02:56:57.000 pm,101.63052234362979,S,40000,Afternoon, 2May2016
isin10037,Mon  2May16 03:00:48.000 pm,98.766437041107096,B,10000,Afternoon, 2May2016
isin10037,Mon  2May16 03:00:48.000 pm,101.27971116397894,S,10000,Afternoon, 2May2016
isin10037,Mon  2May16 03:01:27.000 pm,98.69836920027933,B,10000,Afternoon, 2May2016
isin10037,Mon  2May16 03:31:22.000 pm,96.865773485685281,B,40000,Afternoon, 2May2016
isin10037,Mon  2May16 03:56:24.000 pm,96.865773485685281,B,40000,Afternoon, 2May2016
isin10037,Tue 17May16 10:01:20.000 am,99.106776245245996,S,100000,Morning,17May2016
isin10037,Tue 17May16 10:31:42.000 am,97.389372261283583,B,10000,Morning,17May2016
isin10037,Tue 17May16 10:31:47.000 am,97.389372261283583,B,10000,Morning,17May2016
isin10037,Tue 17May16 10:38:15.000 am,97.389372261283583,B,40000,Morning,17May2016
isin10037,Tue 17May16 10:50:39.000 am,100.18959107955391,S,10000,Morning,17May2016
isin10037,Tue 17May16 10:50:50.000 am,97.389372261283583,B,10000,Morning,17May2016
isin10037,Tue 17May16 11:05:47.000 am,97.389372261283583,B,10000,Morning,17May2016
isin10037,Tue 17May16 11:23:41.000 am,98.159062461413072,B,30000,Morning,17May2016
isin10037,Tue 17May16 11:23:41.000 am,98.159062461413072,B,30000,Morning,17May2016
isin10037,Tue 17May16 11:38:01.000 am,98.724549139059249,S,50000,Morning,17May2016
isin10037,Tue 17May16 11:42:18.000 am,101.93944562123279,S,30000,Morning,17May2016
isin10037,Tue 17May16 11:51:42.000 am,98.731774802162491,S,10000,Morning,17May2016
isin10037,Tue 17May16 11:51:43.000 am,98.731774802162491,S,10000,Morning,17May2016
isin10037,Tue 17May16 12:13:36.000 pm,99.703678849428059,S,90000,Afternoon,17May2016
isin10037,Tue 17May16 12:14:49.000 pm,99.221967975877632,S,10000,Afternoon,17May2016
isin10037,Tue 17May16 12:14:50.000 pm,99.221967975877632,S,10000,Afternoon,17May2016
isin10037,Tue 17May16 12:15:07.000 pm,99.703678849428059,S,90000,Afternoon,17May2016
isin10037,Tue 17May16 12:59:40.000 pm,97.389372261283583,B,10000,Afternoon,17May2016
isin10037,Tue 17May16 01:03:47.000 pm,101.8462450391763,S,30000,Afternoon,17May2016
isin10037,Tue 17May16 01:04:57.000 pm,97.389372261283583,B,80000,Afternoon,17May2016
isin10037,Tue 17May16 01:31:06.000 pm,97.389372261283583,B,20000,Afternoon,17May2016
isin10037,Tue 17May16 01:42:25.000 pm,97.389372261283583,B,20000,Afternoon,17May2016
isin10037,Tue 17May16 01:42:39.000 pm,97.389372261283583,B,10000,Afternoon,17May2016
isin10037,Tue 17May16 02:06:13.000 pm,99.160183320357035,S,120000,Afternoon,17May2016
isin10037,Tue 17May16 02:26:00.000 pm,97.389372261283583,B,70000,Afternoon,17May2016
isin10037,Tue 17May16 03:13:19.000 pm,99.26176148282309,S,30000,Afternoon,17May2016
isin10037,Tue 17May16 03:16:13.000 pm,97.389372261283583,B,20000,Afternoon,17May2016
isin10037,Tue 17May16 03:24:23.000 pm,99.26176148282309,S,30000,Afternoon,17May2016
isin10037,Tue 17May16 04:03:33.000 pm,97.815581664620595,B,170000,Afternoon,17May2016
isin10037,Tue 17May16 04:08:09.000 pm,101.65670228240973,S,10000,Afternoon,17May2016
isin10037,Tue 17May16 04:38:44.000 pm,101.83996185386911,S,20000,Afternoon,17May2016
isin10037,Tue 17May16 04:57:05.000 pm,100.00736613927508,S,10000,Afternoon,17May2016
isin10037,Mon  6Jun16 08:52:32.000 am,101.77084681549015,S,310000,Morning, 6Jun2016
isin10037,Mon  6Jun16 08:52:34.000 am,101.77084681549015,S,310000,Morning, 6Jun2016
isin10037,Mon  6Jun16 09:09:01.000 am,101.75943236218211,S,100000,Morning, 6Jun2016
isin10037,Mon  6Jun16 09:09:02.000 am,101.75943236218211,S,100000,Morning, 6Jun2016
isin10037,Mon  6Jun16 09:28:26.000 am,103.11921838241088,S,90000,Morning, 6Jun2016
isin10037,Mon  6Jun16 09:28:27.000 am,103.11921838241088,S,90000,Morning, 6Jun2016
isin10037,Mon  6Jun16 09:42:05.000 am,103.02486588304808,S,40000,Morning, 6Jun2016
isin10037,Mon  6Jun16 09:42:07.000 am,103.02486588304808,S,40000,Morning, 6Jun2016
